2628 3758
176 241 237 302 106
523 257 562 306 Ρ.
585 261 778 307 ananum
957 245 1039 332 [Act
1062 247 1129 316 IV.

253 414 319 491 Qui
339 414 463 476 referire
483 419 543 477 min
565 417 723 492 audebam,
746 420 838 480 uicit:
861 421 924 494 hui,
938 422 1051 501 perilia-

413 531 491 590 titer.

171 641 227 702 De.
253 641 323 702 Nm
343 643 445 721 potuit
465 643 579 704 melina.
623 644 702 704 idem
724 646 804 726 quod
829 667 884 726 ego
908 649 1000 709 sansit
1021 659 1051 710 te

412 779 474 819 asse
487 758 558 819 huic
573 761 617 820 rei
631 770 731 840 caput.

251 871 310 932 sad
324 880 407 932 estne
420 871 515 931 frater
529 872 633 932 intus?
672 872 720 952 Sy.
735 872 806 935 Non
821 883 873 935 ast.
915 874 971 936 Da.
987 854 1050 938 tibi

410 985 499 1045 illum
513 985 667 1045 inueniam
682 987 788 1065 cagito.

168 1099 216 1179 Sy.
247 1099 316 1162 scio
330 1098 444 1172 ubisit,
459 1119 565 1158 uerum
580 1099 670 1159 hadia
683 1119 851 1180 numquam
866 1085 1049 1164 munstrabo.

409 1212 464 1273 De.
480 1211 572 1286 Hem,
587 1212 661 1292 quid
679 1213 747 1274 als?
786 1213 834 1293 Sy.
850 1213 907 1274 Ita.

168 1328 225 1390 De.
250 1327 481 1387 Dimminuetur
495 1325 551 1386 tibi
567 1326 690 1406 quidem
712 1326 773 1387 iam
794 1326 959 1389 aarebrum.
1000 1327 1048 1408 Sy.

408 1440 453 1501 At
467 1461 576 1501 nomen
591 1441 689 1501 nascio

248 1535 338 1615 lllius
348 1554 487 1626 hominis,
499 1553 550 1614 aad
561 1553 661 1614 locum
674 1553 745 1614 noui
760 1553 874 1615 ubisit.
916 1554 971 1615 De.
987 1553 1048 1617 Dio

407 1670 478 1747 argi>
493 1667 601 1728 locum.

166 1787 213 1866 Sy.
245 1786 355 1847 Nastin
368 1785 519 1866 porticum
533 1784 615 1864 apud
630 1784 793 1845 macellum
814 1784 872 1845 hac
886 1784 1047 1846 desursum?

406 1899 461 1960 De.
477 1899 562 1976 Quid
576 1898 608 1958 ni
622 1899 780 1960 nituerint?

165 2014 212 2094 Sy.
244 2013 411 2074 Praataritu
438 2012 496 2072 hac
525 2015 607 2071 meta
634 2010 736 2090 platea
764 2012 900 2071 sursum:
929 2009 983 2072 ubi
1010 2030 1046 2071 00

405 2127 531 2197 uenena,

245 2240 350 2302 Cliuos
361 2240 500 2300 deorsum
511 2241 634 2299 narsum
644 2248 705 2300 ast:
720 2239 778 2301 hac
789 2250 819 2301 te
830 2238 1044 2320 praaaipitato:

405 2354 507 2432 p6stea
536 2395 538 2400 -
1065 2351 1125 2415 575

245 2453 302 2530 Fat
315 2468 353 2528 ad
369 2468 448 2526 hanc
462 2469 586 2526 manum
600 2466 763 2527 sacellum:
787 2466 830 2527 ibi
849 2465 1043 2545 angiportum

403 2581 527 2658 prtptar
540 2587 593 2651 ast,

163 2697 218 2758 De.
244 2695 422 2773 Quanam?
462 2692 508 2771 Sy.
524 2691 576 2750 Illi
593 2691 645 2752 ubi
660 2691 751 2752 etiam
763 2691 922 2770 caprificus
933 2692 1061 2782 magna

402 2815 454 2867 ast.
495 2805 550 2865 De.
566 2804 656 2865 Noui.
698 2804 745 2884 Sy.
760 2803 832 2865 Hac
847 2803 973 2883 pargito.

162 2923 218 2983 De.
243 2902 282 2982 ld
296 2920 418 3000 quidem
440 2918 633 2998 angiptrtum
656 2938 717 2979 non
738 2927 782 2978 est
802 2917 952 2996 ptruium.
993 2916 1040 2996 Sy.

402 3031 519 3094 Verum
534 3031 651 3092 harcle:
672 3031 744 3103 uah,

241 3146 356 3208 Ctnsen
371 3145 524 3205 hominem
538 3165 587 3204 me
601 3145 682 3204 asse?
703 3143 820 3203 erraui:
843 3142 874 3202 in
888 3142 1041 3221 particum

401 3258 519 3315 rursum
535 3256 615 3316 redi:

241 3367 318 3427 Sa'ne
332 3367 390 3428 hac
404 3365 501 3426 multo
512 3367 635 3445 pr6pius
647 3366 704 3427 ibis
714 3369 745 3427 at
756 3367 854 3427 minor
864 3374 909 3426 ast
920 3366 1039 3427 amatia
1061 3367 1122 3429 580

241 3473 313 3534 Scin
327 3473 445 3535 Cratini
460 3474 550 3534 huius
564 3475 620 3535 dit
599 3486 637 3536 t1s
656 3475 761 3536 aedis?
801 3475 856 3536 Da.
872 3474 950 3536 Scio.
990 3475 1039 3622 Sy.

400 3581 464 3644 Vbi
479 3603 528 3643 eas
542 3585 740 3662 praettrieris,
