2632 3772
511 190 548 236 P.
573 189 766 234 ruuuurr
985 170 1067 256 [Act
1089 171 1119 236 Ι.

238 343 389 405 chertur.
404 345 491 407 imua
506 346 623 407 interea
637 345 716 407 iuter
730 345 879 420 mulieres,

238 455 327 533 Quae
340 455 383 516 ibi
397 456 533 530 aderant,
544 455 621 518 forte
634 476 729 517 unam
742 456 854 536 §apicio
868 455 1039 518 adulescen-

397 570 505 644 tulum,

239 681 360 744 Forma.
400 682 447 745 So.
463 681 551 744 Bona
559 683 691 745 fortasse.
731 681 774 745 Si.
789 681 832 745 Et
840 683 937 759 uoltu,
945 682 1038 757 Sosia,

236 799 325 860 Adeo
339 798 483 874 modesto,
497 799 574 860 adeo
587 808 724 874 uenusto,
736 808 772 861 ut
785 799 831 859 ull
845 820 945 880 supra.
1061 799 1119 860 120

238 910 327 987 Quae
342 911 433 990 quom
447 910 524 970 mihi
537 909 698 970 lamentari
712 918 833 989 praeter
846 913 959 970 oetcraa

238 1021 350 1096 Vicoat,
365 1031 395 1082 et
409 1022 481 1102 quia
494 1031 560 1083 erat
574 1023 672 1082 l'orma
686 1029 806 1101 praeter
819 1023 932 1082 ceteras

238 1133 376 1194 Honesta
390 1155 426 1196 ac
439 1133 567 1207 liberali,
581 1133 690 1194 accedo
705 1133 745 1194 ad
759 1133 943 1214 pedisequas,

238 1248 327 1326 Quae
340 1249 381 1308 sit
394 1267 475 1328 rogo.
517 1246 655 1308 Sororem
670 1267 732 1308 esse
745 1246 833 1306 aiunt
846 1246 1009 1327 Chrysidis.

238 1361 389 1423 Percussit
402 1360 473 1422 ilico
487 1361 632 1422 animum.
673 1358 765 1420 Attat
779 1358 837 1420 hoc
850 1358 930 1420 sslud
944 1368 997 1433 est,
1059 1359 1118 1419 125

238 1476 323 1538 Hinc
336 1476 410 1537 illae
423 1475 585 1549 lacrumae,
599 1475 674 1535 haec
688 1474 772 1535 sslaat
786 1473 997 1534 misericordia

198 1636 204 1651 .
241 1588 344 1667 Quam
360 1589 462 1662 timeo,
477 1608 620 1668 quorsum
635 1587 761 1648 eutdaat
802 1586 844 1648 St.
866 1585 973 1647 Funus
993 1585 1037 1646 in-

396 1703 486 1764 terim

238 1815 387 1878 Procedit.
428 1813 606 1895 Sequimur:
628 1815 666 1876 ad
681 1815 853 1894 sepulcrum
868 1815 1022 1876 uenimus:

237 1927 388 2008 Inignem
397 1927 573 2007 inpositaat:
587 1925 686 1988 fletur.
728 1925 849 1986 Interea
861 1926 934 1986 haec
945 1945 1038 1999 soror,

238 2041 342 2119 Quam
356 2040 433 2114 dtxi,
447 2041 487 2100 ad
500 2039 655 2100 flammam
669 2039 792 2100 accessit
805 2038 1024 2118 imprudentius,
1063 2039 1120 2098 130

237 2153 317 2216 Satis
339 2154 409 2214 oum
422 2152 543 2233 periclo.
585 2152 634 2214 Ibi
655 2162 721 2214 tum
741 2151 932 2213 exanimatus
951 2151 1039 2212 Pam·

397 2266 501 2348 philus

238 2379 322 2440 Beue
335 2377 558 2440 dissimulatum
573 2379 706 2440 amorem
719 2385 750 2439 et
763 2377 894 2440 celatum
905 2379 1037 2440 indicat:

238 2492 403 2554 Adcurrit:
425 2491 556 2553 mediam
570 2491 728 2552 mulierem
742 2493 969 2573 complectitur:

239 2607 328 2668 ‘Mea
342 2605 537 2686 Glycerium’
553 2607 653 2686 inquit
667 2607 760 2686 ‘quid
774 2607 860 2688 agis?
880 2629 956 2688 quor
969 2617 999 2670 te
1013 2609 1038 2670 ia

398 2715 589 2796 perdituml’

238 2830 317 2890 Tum
331 2829 395 2902 illa,
407 2831 441 2890 ut
455 2838 630 2890 consuetum
644 2829 734 2891 facile
747 2851 880 2892 amorem
895 2835 1038 2906 cerneres,
1060 2832 1117 2892 135

204 2927 206 2930 ⁵
239 2944 356 3006 Reiecit
369 2965 400 3004 se
413 2944 446 3003 in
459 2965 526 3004 eum
543 2944 617 3005 flens
631 2965 724 3024 quam
738 2943 937 3006 familiariter.

159 3059 203 3122 so.
240 3057 326 3136 Quid
339 3059 405 3118 aia?
444 3056 487 3119 Si.
509 3057 611 3119 Redeo
632 3058 704 3120 inde
724 3058 818 3120 iratus
839 3068 930 3140 atque
950 3062 1038 3140 aegre

398 3167 513 3228 ferens:
536 3225 540 3231 .

238 3281 303 3342 Neo
316 3281 388 3342 satis
401 3281 442 3342 ad
455 3281 677 3362 obiurgandum
691 3304 807 3346 causae.
848 3283 972 3344 Diceret

239 3394 342 3472 ‘Quid
357 3394 435 3456 feci?
449 3395 523 3474 quid
538 3397 702 3456 commerui
717 3405 771 3457 aut
785 3397 920 3476 peccaui,
932 3397 1038 3476 pater?
