2628 3758
136 191 744 280 se.111.5-1V.17.]i1>m„p1101‹2.

520 455 716 519 Amcflrrvs.

219 583 395 646 Discrucior
422 584 533 646 animi:
561 584 668 646 hecine
695 585 733 646 de
760 585 915 667 inprouiso
943 586 1018 647 mihi

378 699 453 760 mali
473 698 552 760 ebiei
1039 703 1098 764 610

220 809 361 884 Tantum,
376 818 410 870 ut
424 830 521 890 neque
534 810 608 890 quid
623 810 662 872 de
676 833 724 874 me
738 783 850 876 fariam
870 821 926 878 nee
945 817 1018 898 quid

379 945 469 1005 agam
484 927 599 986 eertrim
612 926 684 988 siet!

221 1037 361 1100 Membra
374 1048 457 1100 metu
472 1038 585 1099 debilia
599 1041 686 1103 sent:
708 1044 827 1106 animus
841 1047 949 1108 timore

221 1132 393 1232 Obstipuit:
414 1155 535 1232 pectore
548 1154 593 1214 nil
607 1157 711 1218 sistere
725 1159 830 1220 consili
845 1161 920 1240 quit.

220 1266 303 1342 vah,
313 1269 373 1347 qud
387 1268 476 1328 modo
490 1268 548 1329 hac
562 1290 610 1330 me
625 1272 784 1351 expediam
801 1272 912 1335 turba?
932 1277 1019 1335 tdnta

381 1402 462 1442 nune

221 1495 354 1576 Suspitio
368 1497 405 1558 de
419 1520 467 1560 me
482 1500 606 1562 incidit:
1041 1501 1100 1563 615

221 1609 328 1690 Neque
342 1631 377 1672 ea
391 1612 549 1676 inmerito:
571 1615 707 1678 Sdstrata

222 1723 326 1786 Credit
340 1726 416 1786 mihi
430 1747 478 1788 nie
492 1728 648 1808 psditriam
665 1729 743 1790 hanc
755 1731 877 1790 emisse:
898 1729 929 1790 id
945 1750 1020 1790 anus

382 1840 424 1899 mi
438 1839 586 1902 indicium
600 1841 679 1903 feeit.

222 1951 303 2012 Nem
316 1961 352 2013 ut
366 1953 437 2014 hine
448 1954 525 2015 forte
539 1975 574 2015 ea
589 1954 628 2014 ad
643 1954 833 2016 dbstetricem
844 1964 910 2016 erat
920 1956 1021 2029 missa,

382 2069 435 2132 ubi
449 2091 515 2131 eam
532 2070 606 2144 uidi,
620 2070 692 2131 ilico

222 2185 361 2247 Aceedoz
382 2184 489 2263 rogito,
504 2182 667 2263 Pamphila
681 2183 755 2263 quid
770 2186 849 2264 aget.

223 2301 285 2363 Illa
299 2302 452 2364 excldmat
467 2299 544 2374 ‘abi‚
559 2299 628 2360 abi:
651 2299 722 2373 iam,
737 2299 898 2374 Aeschine,
1044 2300 1104 2361 620

223 2414 303 2478 Satis
316 2417 370 2478 did
383 2414 492 2477 dedisti
506 2413 618 2475 uerba:
639 2423 687 2475 sat
701 2414 802 2475 adhue
816 2416 869 2475 tda
882 2435 937 2476 nos
947 2415 1023 2475 frus·

383 2529 491 2589 tratdst
504 2525 596 2587 fides!

224 2646 241 2674 “
250 2642 342 2717 Hem,
367 2643 441 2724 quid
469 2643 547 2704 istuc
579 2641 700 2703 obsecro
710 2641 727 2668 '’
753 2642 879 2720 inquam
908 2641 1024 2702 “esti''

384 2756 513 2829 ‘ualeas,
527 2755 639 2817 hibeas
654 2755 741 2816 illam
758 2755 837 2833 quae
850 2752 969 2832 placet?

223 2867 308 2930 Sensi
328 2868 399 2930 ilico
420 2869 451 2928 id
472 2867 542 2929 illas
562 2868 724 2948 sispicari:
749 2866 801 2927 sed
816 2865 955 2946 reprendi
977 2869 1025 2927 me

386 2989 498 3055 tamen,

223 3092 347 3174 Nequid
361 3093 399 3154 de
412 3093 506 3155 fratre
527 3093 668 3173 gdrrulae
682 3092 730 3154 illi
744 3091 874 3154 dicerem
893 3113 929 3154 ae
943 3091 1028 3152 fieret

384 3205 496 3285 palam.

223 3320 315 3381 Ndne
336 3319 409 3400 quid
431 3319 563 3380 faciam?
584 3319 685 3380 dicam
710 3318 813 3379 fratris
838 3321 900 3380 esre
925 3317 1026 3378 hane?

384 3434 464 3516 quod
479 3435 642 3494 minumest
655 3453 731 3513 opus
1047 3428 1106 3486 625

608 3545 636 3596 Κ
