2632 3772
193 210 235 274 38
536 228 574 275 1².
597 227 792 274 saeuum
975 212 1056 299 [Act
1079 213 1152 279 111.

273 381 306 442 Si
320 383 405 456 nelis,
421 383 495 462 quin
509 403 577 443 eum
593 385 700 446 meriuo
715 385 825 465 possim
840 388 953 465 aegere.
1011 431 1018 463 ,

273 493 378 574 Atque
405 494 479 555 adeo
507 495 539 555 in
567 496 631 576 ipso
666 499 800 577 tempore
834 517 938 558 eccum
973 497 1072 579 ipsum

433 607 564 670 ebuiam.

522 828 613 890 Suuo.
655 827 824 889 Cisseum.

195 977 235 1038 Si.
274 974 369 1038 Iubes
379 975 579 1038 Chremetem.
627 972 676 1036 Oh.
691 973 871 1052 Oteipsum
882 973 1072 1053 quaerebam.

434 1089 475 1150 ui.
498 1067 541 1148 fit
555 1108 609 1167 ego
624 1096 662 1148 te.
709 1086 760 1149 Oh.
782 1085 896 1165 Optato
911 1086 1043 1146 aduenis.

275 1201 405 1283 Aliquut
418 1223 466 1263 me
480 1202 629 1274 adierunt,
643 1203 681 1260 ex
696 1210 725 1261 te
739 1200 877 1261 auditum
892 1201 944 1281 qui
959 1200 1073 1274 aibant,

435 1313 524 1374 hodie
538 1312 651 1373 nubere

276 1427 379 1488 Meam
406 1426 505 1486 filiam
534 1435 587 1486 tuo
614 1427 722 1505 gnato:
744 1425 776 1485 id
800 1425 865 1486 uiso
890 1429 945 1486 tun
966 1447 1005 1486 an
1027 1426 1074 1486 illi

436 1539 596 1600 insaniant.
1096 1539 1155 1599 535

195 1656 238 1719 δι’.
275 1655 427 1717 Ausculta
451 1656 572 1735 paucis:
593 1657 624 1716 et
645 1655 718 1735 quid
744 1663 774 1716 te
798 1676 853 1735 ego
876 1656 968 1716 uelim
990 1660 1020 1718 et
1041 1665 1074 1717 tu

436 1765 516 1846 quod
531 1767 650 1846 quaeris
664 1766 745 1826 scies.

202 1877 252 1941 012.
274 1877 440 1939 Ausculto:
462 1878 584 1957 loquere
598 1879 673 1958 quid
687 1878 771 1939 uelis.

195 1988 237 2050 a:
275 1988 335 2048 Per
349 1991 378 2048 te
392 1989 462 2049 deos
476 2008 528 2049 oro
543 1997 573 2048 et
586 1990 720 2048 nestram
735 1989 909 2063 amicitiam,
925 1990 1075 2066 Chremes,

278 2099 366 2177 Quae
393 2099 513 2177 incepta
540 2119 560 2158 a
587 2099 690 2178 paruis
719 2120 788 2160 eum
816 2103 914 2162 aetate
938 2103 1075 2164 adcreuit

437 2211 537 2286 simul,

276 2328 394 2408 Perque
409 2327 529 2387 unicam
541 2329 625 2388 tuam
637 2337 761 2408 gnatam
777 2338 807 2390 et
822 2333 947 2409 gnatum
965 2352 1075 2406 meum,
1097 2334 1157 2395 540

277 2441 395 2520 Quoius
409 2441 467 2502 tibi
480 2450 610 2521 potestas
625 2444 742 2502 stimma
756 2444 899 2503 seruandi
912 2444 1011 2518 datur,

276 2555 322 2619 Vt
336 2577 384 2616 me
399 2556 523 2616 adiuues
537 2555 568 2615 in
584 2555 641 2615 hae
656 2575 697 2628 re,
713 2564 804 2634 atque
818 2555 862 2616 ita
876 2557 922 2615 uti
937 2558 1062 2636 nuptiae

276 2667 646 2742 Fuerautfuturae,iiant.
695 2666 744 2729 Oh.
761 2666 824 2740 Ah,
833 2688 927 2728 neme
936 2669 1074 2732 absecta:

276 2781 373 2860 Quasi
388 2781 445 2841 huc
458 2789 488 2841 te
502 2780 616 2841 orando
631 2801 649 2840 a
664 2800 712 2840 me
728 2781 880 2859 inpetrare
895 2784 1040 2861 operteat.

276 2894 383 2955 Alium
405 2897 467 2954 esse
488 2914 587 2954 censes
608 2894 689 2953 nune
711 2913 758 2953 me
778 2897 871 2972 'atque
891 2894 964 2954 olim
984 2899 1074 2975 quum

438 3007 570 3068 dabam?
1096 3013 1155 3071 545

215 3183 217 3188 ,
274 3120 307 3182 Si
321 3121 354 3180 in
369 3121 461 3180 remst
474 3119 595 3199 utrique
608 3127 644 3179 ut
657 3118 745 3193 fiant,
760 3119 871 3180 arcessi
886 3119 965 3182 iube.

274 3233 334 3296 Sed
348 3232 373 3294 si
387 3235 426 3294 ex
440 3253 476 3294 ea
489 3253 522 3293 re
535 3233 603 3312 plus
617 3232 720 3293 maiist
734 3253 826 3313 quam
841 3235 991 3295 commodi

273 3344 415 3424 Vtrique,
429 3343 461 3404 id
475 3365 527 3436 uro
541 3354 572 3405 ue
585 3345 617 3405 in
633 3365 791 3406 commune
805 3354 840 3405 ut
854 3345 1001 3421 cumulas,

275 3458 372 3535 Quasi
387 3458 443 3518 illa
457 3466 510 3518 tua
524 3459 563 3518 sit
576 3457 791 3538 Pamphilique
804 3479 859 3538 ego
873 3460 930 3519 sim
945 3468 1039 3539 pater.
