2632 3772
201 184 552 273 sonum-wne]
568 203 824 252 ADELPHOE.

282 361 330 422 De
344 362 470 441 pseltrie
483 362 542 422 hoo
556 361 693 422 audiuit:
715 361 747 420 id
762 360 808 421 illi
824 363 905 422 uduo
920 361 1002 423 dolet

281 470 401 531 Alieno.
443 480 529 550 pater
543 471 607 530 eius
620 470 677 530 nssi
694 471 816 550 pendit:
839 472 868 532 ei
882 471 967 546 mihi,

283 586 411 646 Vtinam
439 586 490 647 hic
516 607 611 666 prope
639 586 719 646 adsit
747 586 860 646 elicubi
887 597 979 668 atque
1006 589 1082 648 haec

443 699 555 760 audiat.

201 811 260 874 He.
282 811 350 872 Nisi
371 785 483 872 feoiont
503 832 580 892 quae
600 811 670 872 illos
691 815 856 891 aequomst,
871 811 955 873 haud
970 813 1013 874 sio
1031 815 1082 874 au-

442 925 547 986 ferent.

208 1039 267 1115 Ge„
282 1039 320 1098 In
334 1041 365 1100 te
378 1059 445 1119 spes
459 1038 564 1112 omnis,
578 1037 689 1118 Hegio,
704 1039 792 1100 nobis
806 1039 911 1100 sitast:
1104 1040 1163 1099 455

282 1151 325 1213 To
338 1152 436 1212 selum
450 1151 605 1224 habemus,
619 1153 653 1211 to
667 1172 697 1212 es
711 1161 865 1231 patsonus
880 1154 914 1213 :u
928 1162 1032 1233 puter:

283 1265 342 1326 Ille
357 1265 412 1326 tibi
427 1265 555 1326 moriens
569 1267 623 1324 nes
638 1245 864 1325 commendauit
877 1286 987 1326 senex:

283 1376 315 1439 Si
329 1377 440 1438 deseris
454 1386 497 1450 tu,
511 1377 664 1456 periimus.
705 1376 764 1438 He.
779 1377 862 1438 Gaue
876 1377 1007 1438 dixeris:

283 1490 390 1570 Neque
403 1490 514 1550 fecium
527 1511 625 1569 nequo
639 1510 688 1550 me
702 1491 773 1550 setis
785 1491 833 1570 pie
844 1511 929 1569 posse
939 1490 1081 1553 erbitror.

202 1603 260 1665 De.
284 1602 396 1664 Adibo.
438 1601 555 1664 saluere
569 1603 741 1682 Hegionem
755 1603 922 1681 phirimum
1104 1605 1164 1666 460

284 1713 385 1774 Iubeo.
428 1713 485 1774 He.
508 1692 567 1786 eh,
589 1723 619 1773 te
633 1711 826 1792 'quaerebam
849 1713 968 1792 ipsum:
988 1714 1082 1788 salue,

444 1826 568 1889 Demea.

202 1940 260 2002 De.
285 1941 370 2018 Quid
383 1941 505 2002 autem?
546 1939 604 2000 He.
619 1937 721 2000 Maior
730 1939 815 1998 filius
827 1948 893 1999 tuos
904 1936 1083 2012 Aeschinus,

285 2057 385 2133 Quem
399 2057 485 2117 fretri
501 2055 709 2136 adoptandum
723 2053 841 2126 dedisti,
856 2057 953 2133 neque
969 2052 1040 2112 boni

283 2170 392 2250 Neque
405 2169 540 2231 liberalis
553 2168 675 2229 functus
690 2167 850 2227 officii'nnst
863 2166 931 2227 uiri.

202 2283 260 2344 De.
286 2282 372 2361 Quid
392 2282 469 2343 istus
490 2281 554 2342 est?
594 2280 652 2341 He.
674 2279 822 2339 Nostrum
843 2280 976 2339 amioum
994 2301 1083 2341 noras

443 2394 596 2456 Simulum
1104 2394 1164 2454 465

284 2507 474 2592 Aequelem?
514 2509 570 2571 De.
593 2507 678 2585 Quid
702 2507 756 2568 ni?
797 2505 856 2567 He.
879 2505 995 2567 Filiam
1018 2507 1082 2569 eius

442 2623 593 2703 uirginem

283 2734 425 2798 Vitisuit:
466 2735 523 2796 De.
551 2734 644 2796 Hem.
685 2732 745 2795 He.
774 2731 884 2795 Mane:
919 2735 980 2793 nen
1008 2733 1081 2794 dum

443 2846 563 2920 audisti,
585 2845 710 2919 Demea,

284 2957 377 3036 Quod
389 2962 434 3021 est
447 2956 678 3040 grauissumum.
721 2958 776 3020 De.
792 2941 845 3018 dn
854 2958 929 3039 quid
938 2960 1080 3020 estetiam

444 3069 595 3150 emplius?

202 3183 261 3246 He.
283 3183 366 3246 Vero
394 3183 540 3264 emplius:
576 3204 648 3243 nam
676 3183 733 3243 hoo
762 3181 884 3262 quidem
919 3181 1081 3241 ferundum

444 3298 546 3377 alique
567 3296 702 3358 modost:

284 3411 437 3473 Persuesit
450 3431 512 3474 nox
527 3413 612 3472 amer
625 3409 732 3472 uiuum
747 3405 970 3484 adulescentia:
1101 3397 1161 3457 470
1198 3477 1203 3482 μ
