2628 3758
200 240 453 326 sellie-48]
553 257 808 303 Annnprron.
1100 242 1160 304 121

280 415 474 476 Duetsrrum:
495 414 622 475 eandem
643 414 730 474 illam
753 415 901 476 retionem
922 415 1082 495 antiquam

440 526 561 588 ebtine:

280 642 442 716 Conserua,
457 662 576 722 quaere,
590 643 688 721 perne,
703 641 752 702 fae
766 663 858 722 quam
872 643 1041 723 plfirimum

280 754 349 815 Illis
363 754 533 834 relinquas:
555 754 683 834 gleriam
698 762 731 814 tu
749 754 839 814 istam
853 754 963 816 ebtine.

280 868 360 941 Mea,
374 870 452 948 quae
466 877 586 947 praeter
599 888 682 947 spem
697 871 833 941 euenere,
847 871 974 929 utantr‘rr
987 869 1060 930 sine.
1101 871 1162 929 815

279 980 328 1042 De
341 983 461 1056 stimma
474 980 519 1040 nil
533 980 673 1041 decedet:
694 980 776 1060 quod
789 980 862 1042 hinc
875 983 1041 1055 accesserit,

280 1092 318 1154 Id
332 1094 370 1154 de
384 1093 469 1154 luero
482 1096 588 1174 puteto
603 1114 665 1154 esse
677 1114 775 1154 omne.
815 1093 891 1155 haee
903 1095 931 1155 sl
943 1093 1028 1155 uoles

280 1205 319 1266 [n
333 1208 434 1267 enimo
447 1227 519 1268 uere
533 1207 675 1286 cegitare,
690 1207 815 1281 Demea,

280 1320 324 1382 Et
337 1321 380 1380 mi
393 1323 425 1381 et
437 1320 494 1381 tibi
509 1328 538 1381 et
552 1319 615 1380 illis
628 1320 792 1400 dempseris
806 1321 984 1383 molestiam.

248 1435 372 1498 ‚Mitte
408 1456 490 1496 rem:
529 1435 774 1514 consuetedinem
815 1435 957 1516 ipsorrim.
1019 1437 1076 1498 Mt.

442 1549 552 1609 Mane:
1099 1550 1160 1610 820

280 1661 364 1722 Seio:
386 1661 464 1721 istuc
479 1661 569 1722 ibam.
610 1661 708 1722 melta
721 1661 754 1720 in
768 1661 898 1735 homine,
913 1661 1039 1734 Demea,

280 1773 374 1854 Signa
387 1776 501 1847 insunt,
515 1794 554 1834 ex
569 1774 678 1853 quibus
694 1775 866 1834 eeniectura
880 1773 968 1834 feeile
982 1775 1027 1848 fit,

281 1885 352 1946 Duo
366 1888 458 1966 quem
472 1886 554 1946 idem
569 1887 695 1958 faciunt,
710 1889 798 1964 saepe
812 1895 847 1946 ut
860 1886 953 1965 possis
966 1887 1068 1946 dicere

282 1998 369 2060 ‘Hoc
383 1999 457 2059 lieet
469 1999 586 2078 inpune
598 1999 696 2060 fecere
710 1999 790 2072 huie,
804 1999 852 2058 illi
866 2002 926 2059 nen
941 1998 1030 2072 licet’‚

281 2111 352 2173 Non
366 2114 425 2192 que
439 2112 593 2172 dissimilis
607 2116 653 2172 res
667 2112 715 2186 sit,
729 2112 781 2172 sed
796 2132 856 2191 quo
870 2112 895 2173 is
909 2113 964 2192 qui
977 2112 1060 2174 facit
1101 2113 1162 2173 825

282 2225 371 2302 Quae
384 2245 439 2304 ego
453 2225 547 2286 inesse
560 2225 593 2285 in
607 2225 668 2286 illis
682 2225 781 2298 uide0‚
796 2233 831 2284 ut
845 2223 993 2286 confidem
1008 2224 1074 2286 fore

281 2337 332 2399 Ita
345 2345 381 2399 ut
393 2338 544 2400 uelumus.
586 2338 676 2399 uideo
697 2359 745 2399 eos
765 2339 878 2417 serpere,
897 2337 1082 2418 intellegere,

442 2450 475 2510 ln
489 2449 557 2511 loco

281 2563 399 2637 Vereri,
413 2562 493 2624 inter
505 2584 537 2625 se
550 2565 668 2624 amere:
690 2563 779 2624 scires
793 2563 924 2624 liberum

282 2677 443 2757 Ingenium
458 2686 549 2758 atque
562 2678 707 2738 animum.
749 2680 809 2757 que
824 2678 870 2738 uis
884 2677 952 2738 illos
967 2680 1001 2738 te
1015 2678 1066 2738 die

282 2789 451 2850 Reddfiees.
493 2798 526 2850 at
539 2789 619 2849 enim
630 2793 757 2861 metuas,
765 2809 803 2849 ne
814 2789 969 2850 abreslnt
978 2799 1081 2850 tamen
1102 2790 1163 2850 830

282 2900 460 2962 Omissiores
475 2901 575 2980 pafilo.
617 2910 751 2962 onoster
764 2899 890 2974 Demea,

175 3085 179 3092 ι
282 3009 334 3071 'Ad
348 3011 450 3071 emnia
463 3011 526 3071 alia
539 3013 637 3072 aetete
650 3011 785 3090 sapimus
799 3011 926 3072 rectius:

281 3123 387 3184 Solum
401 3125 497 3184 finum
513 3123 571 3184 hoe
584 3122 696 3184 uitium
716 3123 776 3184 fert
795 3133 931 3212 senectus
951 3124 1081 3184 hemini-

442 3236 514 3297 bus:

282 3348 469 3412 Attentiores
495 3350 598 3410 semus
625 3349 666 3410 ad
692 3369 757 3410 rem
784 3368 895 3422 omnes,
916 3348 1007 3427 quem
1034 3353 1083 3405 set

442 3469 504 3524 est:

681 3573 705 3623 L
