2632 3772
202 202 414 289 So.I.1-39.]
538 207 795 271 ADnLP'Hon.
1120 209 1163 274 73

280 377 432 440 Dissimili
445 377 471 440 is
483 379 612 440 studiosi
625 380 688 440 iam
701 379 774 440 inde
788 379 828 441 sb
842 379 1056 442 adulescentis

162 533 165 538 -
280 490 1101 574 Egohdneelementemuitumurbanamatquedtium

280 606 406 668 Seeiitus
419 627 485 667 sum
501 615 540 680 et,
555 607 635 686 quod
650 607 840 668 ldrtunutum
855 607 906 668 isti
920 617 1040 687 putant,

280 720 417 783 derem
448 740 615 800 numquam
650 719 754 781 habui.
809 721 864 782 ssle
893 730 998 782 eontra
1025 721 1101 783 haec

441 831 561 892 dmnia:

280 947 358 1010 Ruri
372 949 461 1028 figere
475 948 589 1009 uitem:
611 951 730 1028 semper
743 969 835 1028 pareo
848 968 884 1009 ae
898 947 1016 1010 duriter
1120 951 1159 1010 45

279 1062 319 1124 Se
331 1061 459 1122 habere:
480 1082 607 1123 uxorem
621 1061 728 1122 duixit:
751 1063 816 1123 nuti
831 1061 892 1122 fflii

280 1175 370 1237 Duo:
391 1175 464 1236 inde
477 1196 532 1255 ego
545 1176 628 1237 hune
642 1175 786 1237 maldrem
802 1177 951 1256 adoptuui
964 1177 1058 1238 mihi:

279 1288 384 1350 Eduxi
399 1309 418 1349 a
431 1289 568 1368 paruolo,
582 1289 686 1364 hebui,
701 1291 803 1351 amani
817 1295 872 1371 pr6
886 1313 973 1365 meo;

193 1479 197 1486 Ι
279 1401 317 1462 In
331 1403 366 1462 06
380 1422 430 1462 me
442 1401 576 1463 oblecto:
596 1403 694 1464 sdlum
710 1404 742 1464 id
756 1414 800 1465 est
815 1407 919 1466 eurum
933 1405 1019 1466 mihi.

279 1515 338 1578 Ille
352 1518 387 1578 tt
400 1517 473 1578 item
488 1526 595 1578 contra
608 1538 657 1578 me
670 1517 782 1579 hebeat
795 1519 874 1580 facio
888 1519 1010 1580 sedulo:
1119 1519 1160 1582 50

279 1629 338 1704 Do,
353 1631 577 1710 praetermitto:
600 1633 662 1692 ndu
675 1652 792 1693 neeesse
805 1631 903 1693 habeo
917 1633 1019 1702 (imnis

279 1742 341 1806 Pro
355 1746 422 1804 med
436 1743 502 1804 iure
515 1765 621 1824 agere:
643 1747 802 1825 pdstremo,
816 1745 871 1806 alii
885 1744 1058 1807 elineulum

279 1859 386 1921 Patres
399 1880 478 1941 quae
492 1860 618 1933 faciunt,
633 1861 711 1939 quae
725 1859 785 1918 fert
797 1857 1013 1932 adnleseentia,

280 1971 327 2032 Ea
341 1975 379 2032 ne
393 1991 442 2032 me
456 1970 533 2032 celet
546 1969 713 2030 cdnsuefeei
728 1968 839 2030 lilium.

279 2085 361 2146 Nam
376 2087 431 2165 qui
444 2083 565 2144 mentiri
581 2092 635 2144 uut
649 2083 754 2144 fdllere
767 2082 895 2142 insuerit
907 2089 1036 2162 putrem,
1118 2082 1159 2142 55

280 2200 438 2262 Praetura
451 2207 537 2260 tanto
551 2198 645 2277 mugis
660 2197 784 2258 audebit
797 2200 918 2258 ceteros,

279 2315 402 2377 Puddre
414 2322 446 2375 et
459 2311 641 2374 liberdlitute
654 2311 766 2372 liberos

280 2429 423 2491 Retinere
436 2427 531 2488 setius
545 2429 608 2488 esse
622 2424 712 2486 eredo
725 2426 815 2504 qudm
831 2431 924 2484 metu.

279 2539 368 2602 Haec
387 2540 476 2601 frttri
497 2558 616 2599 meeum
636 2538 697 2597 ndn
718 2535 905 2596 conueniunt
922 2537 1020 2615 neque
1033 2534 1099 2615 pla·

440 2661 517 2715 cent

278 2767 375 2832 Venit
388 2767 426 2829 td
442 2787 490 2828 me
502 2786 592 2846 saepe
605 2764 739 2825 elimans
753 2760 844 2842 ‘quid
857 2760 933 2840 ugis,
946 2759 1064 2822 Micio?
1117 2761 1158 2822 60

278 2881 367 2960 Quor
380 2881 481 2962 perdis
494 2879 716 2940 adulescentem
730 2875 839 2937 nobis?
857 2878 934 2955 qudr
949 2877 1053 2936 amat?

278 2995 366 3074 Quor
386 2995 493 3075 pdtutl
512 3014 589 3075 quor
609 3001 643 3054 tu
663 2991 711 3052 his
735 2989 825 3050 rebus
848 2997 1004 3069 sumptum
1028 2990 1096 3068 suig-

437 3105 539 3188 geris?

276 3218 401 3283 Vestitu
414 3218 509 3279 nimio
522 3216 678 3297 indulges:
700 3215 829 3276 nimium
842 3214 963 3293 ineptus
977 3213 1026 3274 es?

276 3332 416 3395 Nimium
442 3332 536 3413 ipsest
562 3331 656 3392 durus
683 3332 803 3410 prester
829 3345 1017 3405 aequomque
1043 3327 1077 3384 et

436 3444 551 3508 bonum
561 3465 568 3505 :

666 3554 692 3606 G
