2628 3758
185 231 248 295 120
533 245 572 292 P.
595 242 789 288 rusurrrr
994 221 1075 308 [Act
1097 221 1146 292 V.

263 404 292 467 0
306 403 433 478 caelum,
448 423 466 463 ο
479 411 570 474 terra,
584 422 602 462 ο
624 399 719 460 muria
740 398 886 478 Neptuni.
930 396 985 459 Mi.
1005 382 1065 458 Em

424 516 491 590 tibi,
786 523 787 528 ’
1087 511 1146 572 790

264 630 402 694 Resciuit
416 650 535 690 omnem
551 649 631 689 rem:
652 627 685 686 id
700 647 781 687 nuuc
796 625 909 686 clamat
923 625 1055 685 scilicet:

265 745 396 805 Pardtae
423 741 510 802 lites:
545 739 817 800 succurrendumst.
864 737 920 798 Dc,
950 721 1065 796 Eccum

425 857 509 917 adest

265 971 439 1035 Communis
454 968 625 1048 corruptela
640 978 776 1027 nostrum
791 966 930 1026 liberum.

186 1089 239 1149 Mt.
266 1087 400 1147 Tandem
417 1084 546 1163 reprime
560 1081 749 1142 iracundiam
764 1089 855 1159 atque
869 1080 909 1138 ad
923 1081 953 1138 te
967 1077 1040 1138 redi.

185 1203 241 1264 De.
268 1201 416 1283 Repressi,
431 1199 516 1272 redii,
531 1200 619 1259 mitto
634 1196 796 1257 maledicta
811 1195 929 1254 Omnia:
1086 1193 1146 1255 795

267 1314 344 1375 Rem
369 1313 466 1391 ipsdm
490 1319 639 1390 putemne.
682 1309 800 1368 dictum
825 1307 883 1368 hcc
906 1307 987 1366 inter
1012 1308 1065 1366 nds

427 1424 487 1485 fuit

268 1542 334 1614 (Ex
348 1550 378 1602 te
391 1540 493 1601 ddeost
507 1537 632 1612 ortum),
647 1541 685 1598 ne
699 1547 732 1598 tu
747 1540 867 1597 curares
883 1556 984 1596 meum

266 1657 353 1718 Neue
366 1659 421 1734 ego
435 1654 542 1715 tuom?
556 1651 710 1732 respende.
754 1651 809 1711 Mt.
824 1649 992 1724 Factumst,
1003 1653 1064 1711 ndu

428 1786 513 1846 nego.

187 1881 242 1942 Dc.
268 1881 355 1958 Quor
368 1882 449 1940 nunc
463 1878 545 1957 apud
559 1886 589 1938 te
602 1878 710 1956 pdtat?
731 1898 808 1958 quor
822 1877 930 1957 recipis
944 1879 1066 1939 meum?

267 1994 354 2071 Quor
368 1993 442 2054 emis
456 1992 595 2064 amicam,
611 1991 727 2052 Micio?
747 1994 878 2070 numqui
893 1993 993 2054 minus
1087 1995 1148 2055 800

268 2107 348 2168 Mihi
375 2106 456 2167 idem
484 2105 531 2165 ius
558 2113 714 2184 aequomst
738 2105 901 2184 essequod
922 2108 1068 2169 mecumst

428 2218 507 2279 tibi?

269 2332 401 2412 Quando
414 2336 470 2412 ego
484 2341 569 2393 tuom
583 2353 644 2392 non
659 2335 741 2407 cure,
757 2356 795 2395 ne
809 2337 883 2396 curt
896 2357 1006 2399 meum.

188 2453 243 2514 Mt
267 2451 338 2512 Nou
351 2453 478 2530 aequom
489 2449 572 2510 dicis.
613 2450 669 2510 Dc.
685 2449 777 2512 Neu?
818 2452 873 2513 Mt
889 2452 970 2514 Nam
981 2462 1068 2515 uetus

428 2561 556 2621 uerbum
570 2561 627 2622 hdc
642 2561 801 2642 quidemst,

267 2675 448 2738 Communia
461 2695 523 2736 esse
537 2676 704 2736 amicorum
720 2677 799 2737 inter
813 2699 844 2738 se
857 2679 968 2740 dmuia.

188 2791 244 2851 Dc.
269 2790 399 2850 Facete:
420 2809 501 2849 nuuc
515 2789 638 2850 demum
652 2791 745 2850 istaec
759 2800 832 2852 nata
846 2792 978 2854 orttiost.
1088 2793 1149 2854 805

187 2903 242 2964 Mi.
267 2900 418 2963 Ausculta
432 2902 545 2982 paucis,
560 2903 620 2962 uisi
635 2902 832 2977 molestumst,
847 2904 972 2982 Demea.

269 3015 433 3094 Principio,
448 3015 473 3074 si
487 3013 518 3075 id
534 3023 564 3075 te
578 3015 705 3089 mdrdet‚
719 3024 874 3095 sumptum
889 3016 948 3076 filii

268 3127 369 3204 Quem
382 3127 507 3200 fecium,
521 3147 630 3206 quaeso
644 3129 702 3188 hoc
716 3128 806 3190 fdcito
821 3137 922 3190 tecum
937 3129 1066 3209 edgites:

268 3239 315 3298 Tu
329 3239 398 3298 illds
412 3239 473 3298 duo
487 3239 560 3298 olim
575 3243 630 3318 prd
645 3260 677 3300 re
691 3240 819 3302 tollebds
834 3251 896 3315 tua,
1191 3317 1195 3324 Ι

269 3349 361 3424 Quod
375 3349 445 3409 sctis
460 3349 589 3427 putabas
603 3353 656 3412 tria
670 3351 751 3412 bona
764 3353 910 3414 ambobus
930 3353 1004 3428 fore,
1086 3355 1148 3419 810

35 3516 41 3524 ,
68 3505 85 3533 .·
99 3477 109 3539 χ
133 3437 144 3542 ’ξ
270 3457 313 3518 Et
326 3461 374 3518 me
387 3466 453 3518 tum
466 3480 593 3520 uxorem
607 3463 762 3525 credidisti
775 3465 893 3527 seilicet
