2628 3758
171 197 236 262 128
522 213 560 262 P.
584 213 777 259 Tanaum
983 198 1065 284 [Act
1080 196 1128 270 V.

171 370 227 432 Mi.
252 369 329 432 Scio.
365 369 421 431 De.
437 370 547 431 Patere
562 370 623 431 iam
638 369 692 430 diu
705 370 781 431 haec
797 391 852 450 per
872 389 967 430 anuos
988 370 1050 428 nen

411 490 527 560 potest:

251 594 316 654 Nec
344 594 396 674 qui
424 595 489 654 eam
519 594 659 673 respiciat
683 596 842 674 quisquam
867 603 927 654 est:
947 594 1048 656 soluat„

412 703 466 765 Mi.
482 702 585 781 Quam
600 704 651 764 hic
666 724 729 764 rem
743 705 828 782 agit?

170 815 227 876 De.
253 815 1048 894 Hancteaequomstducereetteoperamutfiatdare.

170 928 226 990 Mi.
251 929 303 990 Me
327 928 436 989 ducere
461 929 585 988 autem?
625 927 682 988 Dc.
705 927 756 988 Te.
798 927 853 988 Mi.
877 928 951 988 Me?
993 928 1048 989 De.

410 1037 454 1100 Te
468 1039 602 1118 iuquam.
646 1038 700 1098 Mi.
715 1036 840 1117 Ineptie
883 1037 939 1098 Dc.
959 1037 993 1099 Si
1014 1047 1048 1098 tu

409 1151 563 1224 sichomo,

250 1263 314 1326 Hic
325 1263 425 1325 faciat.
467 1262 521 1325 Ae.
537 1263 583 1323 Mi
598 1267 692 1343 pater.
735 1263 789 1324 Mc
806 1263 890 1340 Quid
901 1272 935 1324 tu
947 1273 1049 1325 autem

411 1376 491 1450 huic,
506 1376 597 1449 aeine,
611 1375 785 1436 auscultas?
824 1375 881 1436 De.
897 1375 952 1436 Nss
967 1376 1048 1456 agis:
1070 1375 1129 1437 935

250 1487 334 1550 Fieri
347 1486 436 1548 aliter
447 1507 507 1547 non
519 1490 624 1566 potest
666 1486 721 1547 Mi.
737 1485 867 1548 Delirae.
909 1487 963 1548 Ae.
977 1486 1049 1548 Sine

410 1609 441 1662 te
455 1621 586 1673 exorem,
601 1601 645 1660 mi
659 1607 753 1680 pater.

170 1716 226 1778 Μ.
250 1715 388 1776 Insiuie:
422 1715 517 1775 aufer.
566 1712 623 1775 De.
653 1706 730 1794 fige,
754 1713 795 1774 da
822 1713 943 1774 ueniam
972 1712 1047 1774 filio.

411 1827 466 1890 Mi.
488 1826 574 1888 Satin
595 1829 684 1888 senus
705 1828 756 1887 es?

250 1940 318 2020 Ego
332 1942 425 2001 n6uos
437 1940 563 2000 maritus
575 1940 656 1999 anno
668 1939 788 2000 demum
800 1940 908 2019 quinto
922 1947 953 2000 et
966 1959 1049 1999 sexa-

411 2054 554 2130 gensumo

251 2164 340 2224 Fiam
351 2166 442 2242 atque
452 2183 545 2223 anum
557 2163 741 2242 decrepitam
753 2163 884 2224 ducam?
898 2164 969 2224 idue
979 2164 1049 2225 estis

411 2282 548 2339 auctores
562 2279 658 2339 mihi?

170 2397 224 2456 Ac.
253 2393 334 2456 Fac:
354 2392 479 2474 premisi
498 2412 553 2471 ego
574 2391 644 2453 illis.
685 2393 741 2455 Mi.
763 2392 905 2454 Premisti
926 2394 1050 2454 autem?

412 2504 451 2565 de
464 2512 495 2564 te
508 2504 644 2584 largiter,
658 2525 742 2584 puer.

168 2621 226 2682 De.
250 2618 329 2699 Age,
340 2608 414 2698 quid
423 2616 526 2696 siquid
536 2625 567 2676 te
578 2616 675 2678 maius
686 2618 772 2678 oret?
814 2615 867 2677 Mi.
881 2617 1048 2694 Quasinon

408 2729 466 2790 hoc
480 2729 519 2790 sit
532 2730 720 2789 maxumum.

168 2845 226 2907 Dc.
251 2844 303 2905 Da
316 2842 446 2904 ueniam.
489 2841 542 2902 Ae.
564 2840 612 2902 Ne
633 2844 767 2920 grauere.
809 2841 864 2902 De.
886 2841 960 2916 Fac,
981 2861 1048 2923 pre

411 2956 507 3016 mitte.
550 2953 604 3015 Mi.
619 2953 691 3014 Non
705 2954 866 3016 omittitis?

169 3075 223 3135 Ae.
250 3073 283 3134 N
284 3094 332 3147 on,
346 3072 405 3132 nisi
419 3080 450 3133 te
463 3091 594 3132 exorem.
636 3070 691 3132 Mi.
707 3069 765 3132 Vis
776 3080 820 3132 eet
831 3071 906 3132 haec
917 3071 1048 3152 quidem.

409 3183 465 3244 Dc.
480 3175 548 3262 Age
562 3183 690 3262 prolixe,
702 3183 804 3245 MIcic.

168 3293 225 3354 Mi.
250 3293 318 3354 Etsi
328 3295 386 3355 hcc
396 3294 472 3353 mihi
481 3313 610 3374 prauom
625 3293 762 3374 ineptum
777 3295 942 3356 absurdum
957 3304 1048 3377 atque
1064 3379 1067 3384 1

409 3405 543 3465 alienum
557 3427 576 3466 a
590 3406 655 3466 uita
668 3427 736 3468 mea
