2632 3772
179 225 309 293 som.
320 226 490 311 s-V.15.]
560 247 751 297 sanare.
1095 238 1136 301 19

259 398 418 480 Opperiar,
434 411 470 464 ιιι
492 402 584 464 seiam
608 405 850 485 numquidnam
871 408 946 470 haee
966 408 1057 471 tfirba

419 517 560 580 tristitiae
573 519 698 580 adferat.
1078 524 1138 585 235

178 627 233 689 Po.
261 626 409 689 Hocinest
422 629 590 692 humanum
601 632 683 694 factu
694 642 748 694 aut
757 633 903 714 inceptu?
923 635 1058 697 hocinest

419 744 549 805 officinm
563 745 679 824 patris?

179 857 238 937 My.
260 856 345 934 Quid
359 857 439 918 sslud
449 859 514 920 est?
554 860 609 920 Po.
631 859 692 921 Pro
707 861 796 922 denm
809 861 909 937 fidem,
920 863 1057 944 quidest,

419 973 444 1032 si
458 972 515 1033 hoo
528 993 588 1034 non
604 974 835 1036 contumeliast?

258 1085 396 1148 onrem
417 1087 553 1149 decrerat
573 1087 646 1148 dare
673 1109 735 1150 sese
762 1089 805 1149 mi
826 1089 938 1182 nodie:
959 1110 1060 1151 nonne

418 1199 553 1279 oportuit

259 1312 426 1374 Praescisse
439 1315 589 1375 meante?
602 1315 702 1375 nonne
711 1313 796 1394 prius
806 1316 1060 1378 oommfinioetum

418 1426 573 1506 oportuit?

180 1540 239 1620 My.
261 1539 405 1602 Miseram
418 1561 477 1614 me,
491 1541 573 1620 quod
587 1540 715 1601 uerbum
730 1542 843 1603 ordio?
1083 1544 1141 1605 240

179 1655 234 1716 Po.
263 1654 369 1732 Quid?
404 1654 556 1729 Chremes,
578 1655 631 1735 qui
652 1655 817 1736 denegarat
839 1660 870 1718 se
891 1657 1062 1718 commissu·

419 1769 487 1827 rfim
502 1765 578 1827 mihi

259 1877 393 1940 Gnatam
417 1899 504 1939 suam
529 1899 665 1953 uxorem,
689 1881 722 1940 id
746 1879 890 1954 mutauit,
914 1881 987 1961 quia
1013 1903 1062 1944 me

419 1992 604 2054 inmutatsrm
617 1992 723 2056 uidet?

259 2105 348 2168 Itane
364 2104 514 2167 obstinate
535 2105 588 2166 dat
608 2127 740 2187 operam,
754 2115 790 2168 ιιι
809 2127 858 2168 me
878 2127 898 2169 a
918 2104 1062 2189 Glycerio

419 2221 563 2281 miserum
577 2220 756 2283 abstrahat?

260 2334 351 2413 Quod
365 2334 449 2409 sirit,
462 2355 552 2414 pereo
566 2335 712 2398 finditus.

258 2449 367 2512 Adeon
382 2450 535 2512 hominem
550 2471 612 2512 esse
626 2452 821 2512 inuenustum
840 2459 894 2513 aut
907 2450 1059 2512 infelicem

418 2566 610 2644 quemquern,
624 2571 660 2624 ut
674 2585 728 2645 ego
742 2566 828 2625 sum!
1081 2565 1140 2625 245

257 2677 318 2740 Pro
333 2679 424 2740 deum
438 2687 530 2759 etque
543 2678 701 2739 hominnm
715 2678 823 2740 fidem!

256 2788 373 2852 anlon
394 2811 449 2872 ego
470 2790 638 2853 Chremetis
658 2799 748 2871 paeto
768 2789 961 2852 adfinitatem
980 2792 1058 2853 eofii·

416 2925 487 2986 gere
501 2906 627 2986 potero?

257 3016 341 3097 Quot
368 3018 466 3079 modis
487 3021 685 3099 contemptus,
699 3019 833 3100 spretus!
855 3020 945 3094 facta,
961 3028 1058 3082 trans·

416 3140 485 3193 eota
498 3131 609 3193 omnia.
650 3131 742 3206 Hem,

255 3246 446 3326 Repudiatus
470 3248 605 3326 repetor:
626 3266 719 3327 quam
743 3244 868 3306 obrem?
892 3243 951 3304 nisi
975 3245 1001 3304 si
1025 3243 1058 3303 id

416 3369 468 3434 est,
483 3359 564 3440 quod
578 3359 729 3439 snspioor:
839 3409 847 3422 ,

254 3454 385 3552 riliquid
400 3473 527 3532 monstri
545 3471 650 3532 elfint:
671 3489 707 3530 ea
721 3469 865 3549 quoniam
879 3466 993 3526 nemini
1007 3465 1057 3525 ob·

416 3583 501 3644 trudi
514 3589 622 3662 potest,
1077 3565 1136 3626 25⁰
