2632 3772
166 229 523 317 Sc.III.40-IV.20.]
550 249 741 338 arnam.
1085 235 1127 298 41

245 407 328 469 Nam
363 406 583 488 propemodum
617 404 716 468 habeo
750 405 811 467 iam
845 405 945 469 fidem.
986 406 1047 467 Da.

406 520 542 581 Tandem
557 521 692 600 cognosti
706 523 761 600 qui
774 521 871 583 siem?

164 636 205 698 st
245 636 318 696 Non
351 634 474 696 sderant
508 633 634 712 nuptiae
668 633 799 695 futurae.
850 635 911 696 Da.
941 633 1048 712 Quid?

402 751 487 810 non?
527 747 570 810 si.
591 748 652 810 sed
666 770 702 809 ea
715 749 815 828 gratia

244 863 403 937 Simnldui,
413 883 467 924 uos
477 871 513 923 ut
523 865 767 942 pertemptarem.
809 863 868 923 Da.
885 863 969 940 Quid
980 865 1047 924 ais?

403 975 446 1038 si.
468 975 518 1037 sic
533 996 579 1036 res
594 979 648 1037 ἀεὶ.
689 976 749 1037 Da.
772 975 871 1038 Vide:

244 1091 422 1172 Numquam
450 1092 529 1151 istuc
557 1091 644 1171 quiui
672 1112 727 1170 ego
754 1091 938 1171 intellegere.
985 1093 1046 1154 uah

406 1203 567 1264 eonsilium
582 1203 738 1264 callidum.

163 1317 207 1379 Si.
247 1315 314 1378 Hoc
335 1316 424 1378 addi:
445 1323 481 1375 ut
500 1315 572 1375 hino
586 1324 615 1376 te
629 1315 710 1376 intro
724 1316 769 1376 ire
783 1314 865 1389 iussi,
879 1318 1048 1396 opportune

405 1429 456 1490 hie
470 1428 505 1490 fit
519 1429 561 1488 mi
575 1428 706 1490 obuiam.
747 1429 807 1490 Da.
829 1428 921 1503 Hem,
1067 1430 1128 1490 590

245 1543 331 1605 Num
351 1544 421 1604 nam
444 1543 599 1623 perimus?
639 1542 682 1604 st.
703 1542 804 1604 Narro
825 1543 906 1617 huic,
921 1563 999 1623 quae
1012 1551 1047 1604 tu

406 1656 522 1718 dddum
536 1657 669 1717 narrasti
682 1656 766 1717 mihi.

164 1769 225 1831 Da.
248 1769 419 1848 Quidnam
435 1769 548 1831 addie?
588 1767 631 1829 st.
646 1766 781 1828 Gnatam
795 1769 830 1828 dt
844 1767 895 1829 det
908 1789 970 1843 oro,
980 1770 1048 1830 uix-

355 1919 358 1926 ·
407 1901 466 1960 que
480 1879 512 1940 id
526 1899 628 1940 exoro.
669 1878 729 1939 Da.
744 1857 859 1941 Occidi.
900 1879 943 1942 si.
955 1879 1047 1954 Hem,

246 1992 331 2071 Quid
355 1993 485 2054 dixisti?
524 1993 585 2053 Do.
607 1991 743 2072 Optume
766 1993 894 2072 ,inquam
922 1993 1047 2054 factum.

377 2089 380 2093 ¹
405 2107 448 2168 Si
470 2105 566 2167 Ndno
576 2127 631 2186 per
645 2107 728 2166 huno
741 2106 855 2167 nulla'st
872 2127 966 2168 mora

171 2219 221 2282 On.
246 2218 380 2280 Domdm
401 2219 491 2279 modo
513 2219 573 2293 ibo,
588 2228 622 2280 ut
643 2219 807 2298 adparetur
827 2219 938 2294 dicam,
956 2229 1049 2300 atque

406 2331 467 2392 huo
481 2332 630 2394 rendntio.

165 2445 208 2508 Si.
247 2445 339 2506 Nune
357 2453 388 2506 te
403 2447 465 2519 oro,
480 2444 578 2519 Daue,
594 2446 738 2526 quoniam
760 2447 841 2508 solus
862 2449 904 2507 mi
925 2447 1048 2510 effecisti

407 2558 462 2618 has
476 2558 607 2637 ndptias,
1068 2562 1129 2622 595

165 2670 226 2732 Do.
248 2670 316 2750 Ego
336 2672 409 2731 uero
433 2669 523 2731 solus.
565 2670 607 2731 st.
630 2670 766 2732 Gndtnm
794 2671 871 2732 mihi
897 2674 1048 2754 corrigere

405 2802 496 2862 porro
510 2784 632 2844 enitere.

165 2898 225 2957 Da.
247 2894 374 2956 Faciam
401 2894 503 2956 hercle
531 2896 646 2957 sedulo.
686 2896 728 2958 st.
750 2897 840 2959 Potes
861 2920 952 2975 nuno,
973 2901 1047 2962 dum

407 3011 527 3070 dnimus
541 3010 683 3071 inritatus
697 3021 750 3072 est.

163 3124 225 3184 Do.
247 3123 401 3201 Quiesoas.
442 3124 484 3186 Si.
506 3123 575 3204 Age
589 3125 691 3205 igiter,
706 3127 757 3187 ubi
780 3147 862 3190 nuno
881 3138 925 3190 est
943 3131 1049 3209 ipsus?

405 3235 467 3297 Da.
488 3236 604 3297 Mirum
618 3239 651 3297 ni
665 3236 783 3300 domist

163 3350 207 3413 si.
244 3349 302 3412 Ibo
322 3351 362 3414 ad
382 3373 452 3413 eum
473 3361 565 3432 atque
585 3352 691 3414 eadem
709 3351 793 3426 haee,
808 3354 866 3415 tibi
879 3374 958 3432 quaa
971 3353 1048 3426 dixi,

407 3463 508 3524 dicam
523 3464 628 3525 itidem
643 3463 700 3523 illi.
741 3463 801 3525 Da.
823 3463 938 3524 Nonus
950 3482 1018 3522 sum

604 3576 630 3628 D
640 3577 656 3625 2
