2628 3758
186 268 397 352 Se.I.1-23.]
522 287 777 336 nunnunon.
1080 273 1148 338 103

268 443 425 523 Rogitabit
439 465 495 518 me,
510 443 563 504 ubi
577 444 704 506 fuerim:
725 449 800 526 ‘ege
812 445 870 506 hoe
884 454 914 506 te
927 448 991 506 teto
1004 465 1066 505 non

426 557 493 617 uidi
506 557 590 618 die:'

266 669 350 746 Quid
375 669 498 729 dicam?
537 668 584 748 Sy.
613 668 707 731 Nilne
736 670 768 731 in
796 673 976 732 mentemst?
1022 671 1063 734 Gt.

424 781 601 863 Numquam
616 785 788 863 quiequam.
830 784 876 864 Sy.
896 784 995 845 Tanto
1016 789 1064 845 ne<

426 897 521 978 quior.

264 1011 366 1072 eliens
379 1011 495 1072 amicus
508 1011 615 1090 hdspss
628 1018 745 1070 nemost
758 1009 865 1072 udbis?
911 1009 953 1073 ot.
968 1009 1062 1071 Sunt:

424 1121 497 1201 quid
512 1122 635 1200 pdstes?

182 1237 230 1317 Sy.
261 1235 356 1296 Hisce
376 1237 468 1315 ‹ipera
487 1243 522 1294 ut
543 1234 615 1294 data
635 1235 683 1295 sit.
730 1233 772 1297 Ot.
799 1235 888 1312 Quae
908 1255 969 1296 non
990 1234 1063 1296 data

423 1346 483 1408 sit?
502 1349 561 1408 nen
577 1356 675 1428 potest
688 1347 763 1410 fieri.
804 1348 851 1428 Sy.
866 1348 977 1410 Potest.
1084 1351 1143 1410 530

188 1463 230 1526 Oe.
265 1461 421 1523 Interdiu:
455 1460 507 1521 sed
535 1460 560 1520 si
588 1460 640 1546 hie
666 1469 819 1541 pernocte,
847 1463 956 1522 causae
988 1461 1062 1541 quid

422 1573 530 1646 dudm,
551 1573 648 1654 Syre?

181 1689 229 1768 Sy.
260 1687 342 1762 Vah,
357 1689 448 1768 qudm
463 1687 574 1747 uellem
589 1687 681 1748 etiam
696 1689 790 1748 ndetu
811 1689 917 1748 amicis
938 1690 1061 1769 dperam

423 1822 487 1862 mos
501 1804 576 1862 esset
589 1800 665 1862 dari.

263 1915 348 1992 Quin
366 1924 402 1976 tu
419 1915 529 1976 ttiosus
543 1917 591 1974 ds:
613 1934 668 1995 ego
689 1914 773 1975 illius
792 1917 912 1975 sensum
933 1915 1061 1997 pulchre

424 2030 528 2092 edlleo.

262 2148 365 2225 Quom
392 2146 484 2206 seruit
511 2147 664 2218 maxume,
693 2151 757 2205 tam
788 2144 944 2225 placidum
974 2147 1060 2225 qussi

422 2278 509 2320 ouem
531 2258 632 2319 reddo.
679 2257 721 2320 02.
744 2258 814 2335 Qud
834 2259 946 2320 modo?

180 2375 228 2455 Sy.
258 2373 428 2437 Lauddrier
453 2382 484 2434 te
512 2371 600 2432 audit
627 2370 784 2432 lubenter:
813 2371 891 2432 fdeio
918 2381 949 2434 te
977 2374 1060 2454 apud

421 2485 510 2546 ilh'un
531 2483 640 2544 deum:
1081 2490 1140 2551 535

259 2603 398 2666 Virtutes
408 2620 507 2661 narro.
555 2597 597 2661 ot.
614 2598 719 2660 Mede?
759 2598 806 2678 Sy.
821 2597 919 2660 Tuas:
942 2600 1058 2663 homini

420 2714 491 2775 ssieo
506 2713 660 2773 lacrumae
674 2712 789 2773 eadunt

259 2829 357 2907 Quasi
370 2830 463 2908 puero
474 2825 594 2906 gaudio.
637 2829 676 2886 en
687 2824 743 2886 tibi
755 2833 865 2886 autem.
913 2825 956 2890 Gt.
972 2828 1058 2905 Quid

418 2940 539 3001 namst?
577 2938 625 3018 Sy.
640 2937 747 3018 Lupus
761 2938 793 2998 in
809 2938 922 3001 fsbula.

183 3057 224 3120 Οἱ.
259 3056 352 3117 Pater
370 3056 435 3116 est?
474 3053 520 3132 Sy.
536 3053 569 3113 Is
582 3053 687 3132 ipsust.
735 3051 778 3115 ot.
799 3052 884 3132 Syre,
900 3056 974 3134 quid
995 3058 1057 3136 agi·

418 3167 505 3226 mus?
554 3164 601 3244 Sy.
637 3162 724 3243 Fuge
757 3165 848 3226 modo
883 3166 973 3241 intro,
1002 3189 1056 3248 ego

417 3271 530 3339 uidere.

180 3395 223 3459 ot.
257 3394 366 3476 Siquid
380 3392 507 3474 rogabit,
522 3393 672 3472 nusquam
683 3400 717 3452 tu
729 3412 794 3452 me:
809 3391 966 3452 audistin?
1004 3391 1053 3471 Sy.

415 3507 508 3572 Potin
521 3515 557 3568 ut
570 3505 711 3566 desinas?
