2628 3758
535 205 574 251 P.
598 204 792 250 nonnum
976 185 1058 271 [Act
1074 185 1143 254 IV.

264 360 461 442 Quidipeoe?
474 361 665 441 quidoiunt?
705 359 856 438 MiQuid
865 359 933 420 illos
943 360 1064 422 censes?

423 474 468 535 nil
484 475 573 536 enim.

263 587 443 650 Commenta
457 595 555 647 mater
568 589 622 659 est,
637 606 699 646 ecee
713 606 751 646 ex
766 586 827 646 alio
842 586 909 647 uiro
978 573 981 581 Α

263 699 373 762 Nescio
382 695 442 779 quo
451 719 579 779 puerum
589 700 694 758 ndtum
705 721 711 758 :
724 718 821 777 neque
830 718 899 759 eum
908 699 1062 760 ndminat:

264 814 401 876 Pridrem
415 833 478 874 esse
491 813 589 886 illum,
604 814 665 872 non
680 819 819 890 oportere
833 812 906 872 huic
921 813 996 873 dari.

183 928 237 989 Ae.
265 927 345 1001 Eho,
358 928 459 988 ndnue
471 926 546 987 haec
561 925 640 985 iusta
654 923 713 984 tibi
727 923 850 984 uidetur
863 926 1006 1004 pdscete?
1085 927 1146 988 660

184 1041 238 1101 Mi.
264 1039 344 1100 Non.
386 1038 440 1100 Ac.
455 1017 589 1100 (ibseoro
603 1037 686 1097 non?
699 1037 739 1096 dn
748 1035 1063 1111 illamhincabducet,

424 1153 533 1233 pater?

184 1266 239 1329 Mi.
265 1267 350 1345 Quid
370 1267 455 1328 illem
470 1267 503 1326 ni
517 1265 671 1327 abducat?
713 1266 766 1327 Ac.
788 1265 918 1326 chtum
938 1285 957 1326 a
977 1265 1064 1328 uobis

425 1379 541 1442 duriter

265 1493 596 1573 Inmisericorditerque
611 1502 702 1572 atque
717 1493 818 1566 etiam,
833 1492 859 1553 ei
874 1496 927 1566 eet,
941 1503 1036 1573 puter,

265 1607 438 1668 Dicendum
454 1605 549 1685 magio
563 1609 675 1684 aperte,
690 1604 898 1667 inliberdliter.

184 1721 239 1782 Mi.
264 1719 502 1799 Quamobrem?
543 1719 595 1779 Ac.
606 1719 707 1798 Rogas
719 1720 787 1779 me?
798 1719 872 1798 quid
885 1720 931 1779 illi
941 1722 1062 1783 tandem

425 1834 546 1895 creditis
1085 1838 1144 1898 665

264 1945 345 2007 Fore
358 1947 452 2008 dnimi
467 1947 583 2019 misem,
596 1946 648 2025 qui
663 1965 732 2006 cum
744 1967 780 2007 ea
790 1949 946 2008 consueuit
960 1949 1064 2027 prior?

265 2061 329 2138 Qui
343 2060 451 2121 infelix
462 2061 585 2121 hauscio
599 2062 638 2121 dn
653 2059 740 2120 illam
755 2060 861 2121 misere
876 2063 957 2122 nimo
970 2073 1062 2138 amat,

265 2174 366 2251 Quom
392 2174 471 2234 hanc
495 2174 553 2235 sibi
577 2173 694 2234 uidebit
716 2176 855 2252 praesens
875 2186 1062 2254 praesentem

424 2287 510 2367 eripi,

263 2399 387 2461 Abduci
401 2399 440 2460 ab
454 2399 571 2461 oculis?
592 2400 708 2462 sicinus
722 2402 892 2482 indignum,
906 2413 1001 2484 poter.

183 2514 238 2575 Mi.
264 2515 336 2591 Qua
350 2513 465 2574 ritione
479 2513 578 2574 istuc?
592 2515 660 2594 quis
675 2515 856 2596 despondit?
876 2518 944 2597 quis
958 2518 1062 2580 dedit?
1083 2522 1142 2583 670

264 2628 345 2706 Quoi
373 2627 494 2708 qudndo
518 2628 643 2708 nupsit?
671 2632 777 2691 auctor
805 2629 852 2692 hie
882 2630 970 2693 rebus
995 2635 1062 2714 quis

423 2744 488 2804 est?

262 2855 350 2932 Quor
363 2855 452 2916 duxit
466 2854 619 2917 alienam?
661 2858 714 2918 Ac.
730 2841 783 2918 dn
798 2859 900 2921 sedere
914 2863 1047 2940 oportuit

262 2969 355 3030 Domi
376 2970 526 3050 uirginem
547 2981 611 3032 tam
632 2972 787 3052 grdndem,
813 2974 887 3034 dum
915 2978 1059 3054 cognitus

420 3083 492 3144 hino

261 3190 353 3251 illino
367 3192 485 3252 ueniret
498 3196 733 3272 expectantem?
753 3195 837 3270 haec,
852 3198 897 3256 mi
910 3207 1005 3276 pater,

260 3300 303 3360 Te
317 3301 417 3362 dicere
431 3322 559 3382 aequom
573 3304 632 3364 fuit
645 3314 676 3365 et
689 3306 720 3365 id
735 3307 903 3369 defendere.
1081 3314 1140 3374 675

180 3409 234 3469 Mi.
259 3411 453 3472 Ridiculum:
468 3414 671 3478 aduorsumne
684 3417 774 3478 sslum
785 3439 906 3481 causam
918 3420 1058 3497 dicerem,
