2632 3772
198 209 449 298 servm-30]
580 227 769 276 Arrius„
1115 214 1159 278 63

279 382 313 443 Si
333 382 409 442 mihi
429 383 530 462 pergit
551 386 631 463 quae·
648 383 714 444 uolt
733 382 842 457 dicere,
862 384 898 444 ee
918 404 996 464 quae
1016 405 1077 444 non

439 496 506 557 uolt
519 497 630 558 addiet.
1099 499 1158 560 920

279 589 346 688 figo
366 609 458 670 istaec
479 629 585 669 moueo
606 617 660 670 aut
681 611 854 671 edroi-non
868 619 903 672 tu
917 614 1002 672 tuem
1017 633 1078 672 ma·

439 723 505 783 lum
519 743 614 804 aequo
630 725 731 784 animd
747 725 843 784 feres?

277 837 360 898 Nam
374 841 429 917 ego
444 858 521 917 quae
533 837 600 898 dieo
612 841 686 898 uera
699 858 739 898 an
753 837 831 898 falsa
845 838 1005 912 audierim,
1016 839 1077 898 iem

438 951 510 1012 seiri
523 960 630 1030 potest.

278 1044 401 1122 dttieus
422 1063 547 1143 quidam
568 1061 642 1123 elim
663 1062 736 1122 naui
757 1062 854 1122 fricta
874 1062 914 1122 ad
933 1061 1076 1123 Andrum

439 1177 550 1236 eiectus
565 1184 609 1237 est

278 1271 320 1351 lit
334 1291 426 1351 istaec
441 1311 503 1351 uns
513 1292 611 1369 ptrue
621 1291 716 1371 uirgo.
758 1293 824 1352 trim
836 1291 889 1352 ille
899 1311 989 1370 egens
999 1291 1077 1352 ferte

437 1404 573 1485 triplicat

278 1518 416 1578 Primum
431 1517 471 1578 ed
485 1517 643 1598 Chrysidis
658 1528 776 1598 patrem
786 1540 826 1581 se.
867 1520 908 1581 st.
924 1518 1076 1580 Fibulam

437 1632 579 1712 inceptet.
628 1631 678 1694 Oh.
693 1617 781 1694 Sine,
1098 1633 1156 1692 925

203 1742 250 1805 or.
275 1726 362 1804 itane
382 1763 455 1804 uero
473 1742 642 1824 ebtrirbet?
688 1742 742 1805 Oh.
764 1743 861 1823 Perge
881 1752 934 1804 tu,
972 1741 1019 1804 Or.
1044 1741 1075 1803 Is

438 1856 514 1916 mihi
529 1858 674 1936 cognatim
689 1856 758 1930 fuit,

277 1971 340 2046 Qui
360 1971 429 2030 edm
450 1971 571 2050 recepit.
613 1969 657 2030 ibi
678 1991 733 2050 ego
754 1970 860 2030 audiui
881 1991 920 2030 ex
937 1969 993 2030 sslo
1014 1991 1076 2031 sese

437 2103 498 2143 esse
513 2065 663 2144 Atticum.

276 2179 523 2256 isibimortudst
570 2196 620 2258 Ot.
633 2196 710 2258 Eius
720 2199 850 2258 nomen?
897 2196 1075 2259 &Nemes

438 2317 501 2370 tam
515 2309 575 2371 citt
589 2310 667 2391 tibi?
707 2311 762 2372 Pa.
778 2311 871 2385 Hem,

276 2422 367 2484 Perii.
414 2421 462 2485 Or.
482 2423 601 2486 Verum
625 2425 726 2485 hercle
752 2426 860 2504 opinor
883 2425 974 2486 fuisse
995 2425 1073 2486 Phe

379 2562 383 2567 ·
435 2536 535 2596 niem:
557 2536 614 2597 hoe
629 2541 710 2598 certi)
724 2537 793 2609 scie,

275 2648 500 2709 Rhamndsium
521 2669 552 2709 se
573 2648 675 2710 siebat
696 2669 766 2710 esse.
814 2649 864 2711 Oh.
884 2648 1073 2730 OIdppiter.

441 2762 488 2825 Or.
503 2763 621 2824 Eadem
636 2764 720 2838 haee,
735 2763 887 2839 Chremes,
1095 2765 1154 2825 930

274 2879 368 2940 Multi
382 2879 437 2940 dlii
451 2880 482 2939 in
496 2878 605 2941 Andro
622 2880 776 2941 audiuere.
826 2878 876 2942 Oh.
891 2879 1020 2941 Vtinam
1042 2879 1074 2940 id

434 2995 483 3067 sit,
498 2993 577 3073 quod
593 3014 687 3073 spero.
729 2993 795 3067 eho,
810 2993 860 3054 dte
874 2994 959 3066 mihi,

275 3107 358 3183 Quid
374 3108 442 3166 edm
457 3108 543 3167 tum?
564 3128 689 3168 suamne
703 3128 764 3168 esse
777 3107 883 3168 aibat?
929 3107 975 3168 Or.
993 3107 1073 3167 Non.

440 3221 489 3286 Oh.
526 3221 658 3299 Quoiam
692 3220 808 3300 igitur?
874 3218 920 3281 Or.
956 3218 1074 3278 Fratris

433 3335 542 3396 ffliem.

200 3447 250 3509 Oh.
271 3447 360 3510 Certe
374 3458 477 3510 meast.
525 3448 573 3510 Or.
590 3447 674 3524 Quid
688 3446 754 3506 ais?
794 3446 836 3505 St.
858 3443 943 3518 Quid
959 3451 993 3500 tu
1007 3440 1075 3498 sis?

435 3560 490 3621 Pa.
506 3547 617 3638 Arrige
632 3559 722 3629 serie,
738 3553 908 3633 Pemphile.
