2628 3758
125 219 188 284 126
477 236 516 283 P.
539 235 733 282 uernum
939 217 1020 304 [Act
1033 215 1083 286 V.

203 392 285 454 Nam
298 392 325 454 is
339 393 415 454 mihi
429 391 592 473 profectost
605 397 706 454 seruos
720 395 870 473 spectatus
884 394 965 467 satis,

202 506 284 583 Quoi
299 506 439 567 deminus
454 516 581 581 curaest,
595 507 641 568 its
655 507 700 568 uti
715 507 771 568 tibi
784 508 872 581 sensi,
888 506 977 583 Geta,

203 618 246 679 Et
259 618 317 679 tibi
331 618 370 680 ob
385 639 452 680 eam
467 639 540 692 rem,
554 619 655 699 siquid
672 639 740 680 usus
754 619 882 693 uenerit,
913 683 915 687 ,
1023 619 1083 681 895

200 732 324 794 nubens
338 732 414 794 bene
428 733 535 793 faxim.
577 733 707 793 meditor
720 753 782 794 esse
796 733 948 808 adfabilis,

202 845 245 906 Et
265 846 342 909 bene
361 848 504 928 precedit
554 847 605 909 Ge.
627 847 731 908 Bduus
752 868 792 921 es,
814 868 904 928 quom
925 848 1001 910 haec

363 962 536 1023 existumas.

120 1071 177 1135 Dc.
203 1074 358 1137 Paulatim
372 1073 492 1156 plebem
506 1075 675 1155 primulum
690 1074 768 1136 facis)
783 1095 889 1136 meam.
1001 1115 1004 1119 -

261 1289 459 1352 Aescmnvs.
503 1290 636 1352 Dnnns.
680 1291 794 1353 vas.
837 1291 940 1353 Gmn

121 1417 176 1482 Aa
205 1419 358 1481 Occidunt
370 1441 417 1480 me
427 1420 560 1500 quidem,
569 1419 642 1480 dnm
653 1420 742 1480 nimis
752 1429 871 1481 sanctas
879 1419 1001 1500 ndptias

202 1533 333 1595 Student
346 1532 460 1595 facere:
482 1535 513 1594 in
529 1534 705 1614 adparando
719 1535 899 1594 consumunt
910 1534 998 1595 diem.
1020 1533 1080 1595 900

120 1645 177 1707 De.
203 1645 288 1722 Quid
302 1646 412 1728 agitur,
427 1645 599 1707 Aeschine?
640 1645 694 1706 Ac,
718 1628 826 1718 Ehem,
840 1653 928 1724 pater
948 1645 1000 1718 mi,

362 1767 397 1819 tu
412 1759 461 1819 hic
476 1760 562 1819 eras?
921 1745 925 1753 ’

122 1871 177 1933 De.
202 1871 282 1932 Tuos
295 1871 398 1932 hercle
413 1892 484 1932 uero
499 1881 529 1932 et
543 1871 643 1932 animo
657 1880 687 1932 et
701 1874 812 1932 natura
825 1881 920 1952 pater,

202 1983 265 2062 Qui
279 1987 309 2045 te
323 1995 406 2044 amat
421 1984 489 2063 plus
504 2004 596 2064 quam
608 1984 697 2044 hosce
706 1984 817 2044 dculos.
858 1985 910 2045 sed
924 2004 1001 2064 quor

361 2098 422 2156 ndn
438 2097 560 2156 domum

201 2207 338 2272 dereur
353 2210 496 2270 arcessis?
536 2209 590 2272 Ac.
607 2203 720 2290 cupio:
738 2231 843 2272 uerum
854 2213 912 2272 hoc
922 2211 999 2272 mihi

360 2331 506 2383 moreest:

201 2435 342 2497 Tibicina
355 2445 385 2496 et
399 2436 600 2517 hymenaeum
613 2437 666 2517 qui
677 2440 807 2498 cantent.
849 2436 906 2498 Dc.
921 2436 999 2510 Eho,
1020 2436 1080 2498 905

200 2551 265 2615 Vin
279 2560 313 2612 tu
327 2552 400 2612 huic
414 2551 477 2612 seni
492 2549 684 2612 auscultare?
724 2549 777 2612 Ac.
797 2548 882 2628 Quid
890 2551 906 2626 1
943 2549 998 2610 Dc.

361 2661 456 2722 Missa
469 2661 544 2722 haec
559 2660 634 2735 face,

201 2774 416 2855 Hymenaeum
431 2773 536 2836 turbas
550 2773 707 2854 lampadas
722 2773 871 2848 tibicinas,

200 2886 306 2968 Atque
319 2888 399 2949 htnc
413 2889 446 2949 in
459 2888 548 2950 horto
562 2887 723 2949 mtceriam
738 2885 809 2948 iube
823 2887 905 2948 dirui

200 2999 359 3076 Quantum
380 3009 494 3080 potest:
517 3001 575 3062 hac
596 2999 742 3060 transfer:
768 3020 860 3060 unam
881 2999 929 3061 fac
949 2998 999 3060 de

361 3133 461 3173 mum:

201 3223 338 3285 Traduce
351 3237 381 3286 et
395 3236 522 3287 matrem
537 3236 566 3287 et
581 3227 730 3288 familiam
748 3248 867 3288 omnem
882 3228 921 3289 ad
935 3230 997 3288 nds.

360 3336 414 3396 Ac.
430 3338 544 3411 Placet,
1019 3340 1079 3403 910

201 3443 294 3504 Pater
319 3446 520 3526 lepidissume.
562 3451 618 3512 De.
647 3450 763 3532 Edgae,
790 3450 853 3514 iem
880 3450 998 3533 lepidds

360 3576 458 3618 uocor.
