2632 3772
208 210 445 298 sath-sa]
587 233 778 283 nnuma,
1127 227 1165 286 11

157 441 160 446 .
288 385 396 468 Neque
410 390 616 450 ccmmouetur
630 390 748 452 animus
762 392 795 452 in
808 413 845 454 ea
858 396 891 454 re
904 402 1015 469 tamen,

288 499 371 561 Scias
385 503 470 580 pcsse
480 501 592 563 habere
605 503 667 564 iam
681 505 780 584 ipsum
796 527 868 568 suae
879 507 961 568 uitae
976 509 1107 570 modum.
1131 509 1169 569 95
1198 512 1199 516 ’

288 613 390 692 Quom
419 616 450 675 id
478 617 556 676 mihi
579 617 729 696 placebat,
754 627 820 679 tum
848 621 908 681 uuo
933 642 984 698 ore
1008 642 1109 682 omnes

448 731 550 792 (imula

288 843 376 904 Bona
389 844 490 904 dicere
504 853 534 906 et
548 845 674 906 laudare
688 847 823 910 fortunas
837 870 928 923 meaa

182 995 184 1000 »
288 956 352 1032 Qui
365 959 492 1037 gnatum
506 956 648 1018 haberem
663 959 718 1019 tsli
732 959 853 1041 ingenio
867 963 1047 1042 praeditum.

288 1069 373 1147 Quid
384 1070 484 1132 uerbis
494 1091 569 1150 opus
581 1072 647 1132 est?
661 1072 718 1133 hac
728 1073 811 1135 fama
821 1075 958 1155 inpulsus
967 1075 1110 1137 Chremes

287 1180 381 1244 Vltro
394 1181 433 1242 ad
448 1202 496 1242 me
511 1182 602 1255 uenit,
617 1182 739 1244 unicam
753 1187 878 1265 gnatam
892 1206 978 1246 suam
1112 1188 1170 1247 100

288 1299 366 1362 Cum
380 1301 450 1361 date
463 1321 581 1360 summa
595 1301 662 1362 fflio
674 1322 804 1366 ,uxorem
818 1304 851 1364 ut
865 1304 959 1365 daret.

288 1414 430 1475 Placuit:
453 1414 616 1494 despondi:
638 1414 688 1476 hic
703 1417 823 1496 nuptiis·
833 1393 944 1479 dictust
958 1419 1029 1480 dics.

207 1529 254 1591 So.
289 1529 375 1606 Quid
389 1529 485 1608 igitur
498 1529 606 1603 obstat,
619 1533 695 1610 quur
709 1553 769 1592 non
784 1531 881 1594 fiant?
920 1533 963 1594 si.
984 1532 1108 1595 Andies.

288 1643 398 1704 Ferme
412 1645 445 1703 in
460 1643 566 1704 diebus
580 1644 693 1723 paucis,
709 1645 819 1724 quibus
832 1645 907 1706 haec
921 1648 989 1706 acta
1003 1655 1082 1720 sunt,

288 1757 413 1838 Chrysis
423 1757 525 1817 uicina
536 1758 609 1817 haec
619 1758 756 1818 mtritur.
790 1757 837 1819 Sc.
848 1757 996 1818 Ofactum
1005 1758 1096 1819 benc:
1113 1760 1171 1820 105

288 1869 409 1932 Beasti:
424 1870 452 1930 ei
467 1870 560 1930 metui
576 1889 594 1928 a
608 1867 764 1949 Chryside.
805 1868 847 1930 Si.
863 1868 913 1930 Ibi
927 1878 992 1928 tum
1006 1869 1091 1931 filius

288 1966 367 2048 Cum
381 1985 453 2059 illis,
468 1985 521 2065 qui
541 1992 682 2045 amarant
702 1983 892 2065 Chrysidem,
907 2005 969 2046 una
987 1985 1092 2046 aderat

451 2098 608 2178 frequens:

289 2213 425 2275 Curabat
439 2234 500 2274 uua
514 2213 621 2273 funus:
643 2213 737 2273 tristis
751 2204 884 2288 interim,

288 2327 360 2390 Non
373 2330 540 2407 numqua-m
555 2327 809 2389 conlacrumabat.
855 2328 978 2390 Placuit
989 2338 1054 2390 tum
1065 2331 1098 2390 id

448 2441 533 2502 mni.
715 2417 717 2420 ’

287 2554 337 2617 Sic
351 2555 524 2636 cegitabam
539 2555 605 2614 ‘hic
620 2555 733 2634 paruae
748 2556 970 2617 consuetudinis
1112 2559 1171 2620 110

287 2668 387 2730 Causa
400 2668 490 2728 huius
505 2675 633 2728 mortem
647 2668 709 2727 tam
725 2667 784 2728 fert
797 2667 1005 2729 familiariter:

288 2779 373 2858 Quid
400 2781 425 2842 si
453 2781 518 2860 ipse
544 2780 695 2841 amasset?
715 2779 791 2860 quid
818 2779 868 2839 hic
896 2780 972 2839 mihi
1000 2780 1091 2843 faciet

446 2891 567 2972 patril'

285 3004 373 3066 Haec
386 3007 441 3085 ego
456 3003 603 3084 putabam
617 3024 680 3064 esse
693 3005 796 3064 6mnia
810 3005 936 3065 humani
951 3007 1054 3086 ingeni

285 3119 496 3200 Mansuetique
507 3118 601 3178 animi
612 3118 721 3179 officia.
764 3118 848 3195 Quid
860 3121 965 3180 multis
976 3123 1098 3181 moror?

284 3231 414 3312 Egomet
428 3251 546 3311 quoquc
561 3231 625 3290 eius
639 3231 730 3291 causa
744 3230 776 3289 in
791 3231 882 3290 funus
895 3233 1016 3310 pr6de0‚
1110 3234 1167 3292 115

284 3343 340 3407 Nil
360 3345 513 3425 suspicans
533 3344 625 3404 etism
646 3341 728 3402 mali.
770 3342 816 3401 So.
838 3341 920 3401 Hem
935 3343 1087 3420 quidest?

442 3457 485 3518 Si.
507 3455 596 3517 Scies.
