2628 3758
217 390 309 468 Quod
330 390 399 451 illcs
419 397 466 450 sat
486 393 570 448 aetas
591 387 686 447 dcuet.
728 385 784 446 Dc.
812 382 862 444 Ne
889 383 1018 444 nimidm

488 233 527 280 P.
549 229 744 276 cenem
951 207 1033 296 [Act
1047 207 1096 278 V.

378 501 467 562 modo
1039 497 1098 556 835

217 615 321 676 Bonae
335 623 406 674 tuae
421 615 495 674 istae
509 614 563 672 nds
578 612 718 686 rationes,
732 609 836 685 Micio,

218 727 260 787 Et
287 728 354 787 tdos
381 726 437 787 iste
465 725 584 786 animus
613 727 723 804 aequos
752 722 920 786 cubuortdt
961 725 1016 786 Mi.

378 837 475 900 Tace:

217 953 288 1015 Non
302 953 365 1015 flet.
407 953 493 1014 mitte
507 952 568 1012 iam
583 953 692 1013 istaec:
713 951 754 1012 da
767 959 798 1011 te
811 951 901 1012 hodie
915 951 1007 1030 mihi:

219 1068 364 1147 Expdrge
378 1067 516 1128 frontem.
559 1066 614 1127 De.
630 1065 754 1127 Scilicet
763 1067 808 1126 ita
818 1069 937 1146 tempus
950 1067 1017 1141 fert,

218 1181 456 1243 Facidndumst:
479 1183 611 1244 ceterdm
627 1201 678 1240 rus
693 1201 758 1240 cras
773 1201 842 1240 cum
856 1179 924 1240 fssio
1038 1181 1098 1240 840

219 1291 296 1352 Cum
308 1292 407 1371 primo
419 1291 481 1351 luci
492 1290 542 1351 ibo
553 1290 634 1351 hinc.
676 1290 731 1350 Mi.
742 1289 791 1349 De
799 1298 887 1350 nocte
897 1293 1016 1350 censeo:

218 1402 321 1464 Hodie
348 1404 437 1465 modo
467 1403 600 1464 hilarum
628 1403 676 1464 fec
703 1410 741 1463 te.
783 1402 838 1463 De.
863 1401 906 1464 Et
928 1401 1018 1464 istem

381 1516 537 1596 psdltriam

218 1629 292 1693 Vna
313 1629 389 1690 ssluc
409 1649 527 1690 mecum
548 1628 619 1689 hinc
641 1627 823 1689 dbstraham.
865 1628 921 1690 Mt.
940 1629 1018 1709 Pug-

382 1745 510 1805 nducrie

219 1857 267 1918 Ec
281 1858 369 1936 pdcto
384 1876 521 1936 prorsum
537 1857 584 1916 illi
598 1857 742 1936 ddligaris
756 1856 866 1918 fssium.

219 1968 312 2030 Modo
336 1968 427 2029 fdcitc
452 1977 487 2029 ut
510 1969 597 2029 illam
622 1971 732 2031 strues.
773 1969 829 2030 De.
853 1968 920 2048 Ego
941 1969 1019 2032 istuc

281 2135 283 2139 .
379 2083 485 2144 uidero
1038 2084 1098 2145 845

219 2195 323 2274 Atque
336 2194 381 2255 ibi
395 2195 520 2255 fauillce
535 2195 634 2274 plena,
650 2195 727 2254 fumi
742 2215 777 2255 ac
791 2195 914 2275 ptllinis

220 2305 384 2385 Coquendo
397 2305 437 2365 sit
450 2305 522 2366 faxo
537 2309 567 2366 et
581 2305 738 2366 molendo:
759 2309 879 2385 praeter
892 2307 968 2368 haec

220 2417 350 2479 Meridie
364 2418 428 2498 ipso
443 2418 553 2479 fdeicm
568 2428 603 2479 ut
617 2418 761 2497 stipulam
776 2417 917 2498 cclligat3

219 2531 295 2592 Tam
310 2532 466 2592 excdctcm
482 2531 606 2592 reddam
626 2539 716 2609 atque
736 2531 834 2590 dtram
849 2553 940 2612 quam
955 2553 1018 2594 car·

379 2643 454 2705 bdst.
497 2641 551 2703 Mi.
566 2642 688 2704 Placet:

219 2757 311 2818 Nunc
320 2757 396 2817 mihi
406 2756 509 2817 uidere
520 2758 631 2836 stipere
667 2765 759 2837 atque
768 2758 907 2838 equidem
916 2759 1017 2820 filium
1039 2763 1098 2823 850

120 2923 122 2928 ,
218 2869 297 2930 Tum
311 2869 402 2930 etiem
412 2869 437 2929 si
448 2869 526 2931 nolit
537 2872 643 2949 cdgam
655 2878 690 2930 ut
702 2890 771 2930 cum
783 2871 838 2932 illa
849 2874 909 2932 und
920 2872 1017 2936 cubet.

138 2981 194 3042 De.
219 2981 368 3043 Derides?
388 2982 578 3056 fcrtundtu’S,
593 2982 646 3062 qui
659 2983 716 3043 isto
730 2983 832 3044 anime
846 2985 919 3046 sies:

219 3093 286 3171 Ego
300 3095 403 3155 sentio.
446 3095 500 3156 Mt.
516 3095 578 3168 Ah,
593 3096 755 3175 pergisne?
795 3096 851 3158 De.
873 3097 940 3160 Iam
957 3101 1019 3161 iam

381 3192 493 3267 desino.

1 3401 2 3406 η
140 3317 194 3376 Mt.
220 3317 236 3375 I
254 3338 325 3396 ergo
345 3320 437 3392 intro,
451 3329 482 3380 ct
502 3323 573 3401 quoi
594 3322 637 3384 rei
658 3333 711 3397 est,
725 3326 755 3385 ei
768 3325 811 3384 rei
826 3325 908 3388 hunc
920 3348 1019 3388 sumc-

1 3423 4 3513 [
379 3430 446 3487 mdc
459 3427 547 3488 diem.
