2632 3772
206 242 515 330 servae-Vc]
563 261 818 312 nannenus.
1108 248 1168 312 101

287 418 483 498 Quapropter
497 419 587 492 nitar,
602 419 722 493 sociam,
737 420 885 499 experiar,
900 420 1030 501 donique

285 529 431 590 Animom
446 531 616 611 relinquam
632 531 733 610 potius
752 551 845 611 quam
860 531 930 592 illas
945 533 1089 594 doseram.

287 644 372 721 Quid
401 645 477 704 milri
506 647 689 726 respondes?
730 647 786 707 De.
815 646 955 707 Fratrem
984 668 1089 708 conue-

445 758 539 832 niam,
555 758 665 838 Hogio.

205 870 264 932 Hc.
286 870 354 945 Sed,
370 870 495 945 Domea,
511 873 567 934 hoc
582 881 615 932 tu
630 872 721 935 focito
737 895 806 933 cum
821 873 923 934 animo
938 875 1058 954 cogites,
1109 875 1168 934 500

285 985 388 1061 Quam
403 987 457 1045 uos
471 984 627 1046 facillume
641 987 739 1065 ogitis¹
755 1007 848 1066 quam
862 987 932 1047 estis
946 989 1089 1047 moxume

286 1099 428 1160 Potontes
442 1099 519 1161 dites
534 1100 683 1161 fortunati
697 1100 823 1174 nobiles,

286 1211 362 1272 Tam
377 1213 519 1273 moxume
535 1233 587 1274 uos
601 1217 698 1294 eoquo
712 1214 814 1274 animo
829 1233 927 1294 aequa
941 1215 1064 1276 noscere

285 1325 423 1406 Oportet,
437 1327 464 1387 si
479 1348 532 1388 uos
546 1327 638 1388 uoltis
652 1328 807 1407 perhiberi
821 1327 938 1408 probos.

204 1439 261 1500 Dc.
287 1439 417 1500 Redito:
438 1439 513 1501 fient
527 1444 605 1520 quao
618 1440 683 1500 fieri
698 1449 853 1520 aequomst
867 1441 978 1502 omnia.
1108 1443 1167 1503 505

205 1550 263 1611 He.
285 1549 382 1611 Decot
404 1559 434 1611 te
455 1550 561 1612 facere.
603 1550 692 1625 Geta,
707 1552 767 1612 duc
788 1571 837 1612 mc
858 1551 938 1613 intro
959 1551 999 1612 ad
1020 1551 1086 1613 sos·

446 1675 568 1728 tratam.

204 1779 261 1841 De.
286 1779 317 1840 N
318 1801 357 1841 on
379 1800 427 1842 me
447 1781 599 1840 indicente
620 1779 694 1840 haec
717 1778 817 1839 liunt:
838 1778 957 1840 utinam
975 1780 1026 1841 hic
1046 1781 1086 1842 sit

446 1893 536 1954 modo

285 2005 490 2069 Defunctum:
512 2028 619 2068 uerum
633 2007 729 2068 nimia
743 2007 833 2069 illaec
846 2007 971 2069 licontia

285 2119 424 2182 Profecto
438 2120 542 2182 euadit
557 2121 589 2180 in
604 2120 729 2201 aliquod
744 2123 889 2201 magnom
903 2121 1028 2185 malum.

284 2233 341 2295 Ibo
374 2235 410 2295 oc
444 2233 596 2313 requiram
623 2233 757 2307 frotrem,
786 2241 821 2295 ut
848 2234 880 2293 in
908 2253 978 2294 eum
1005 2233 1081 2296 haec

445 2349 594 2407 ouomam.
1104 2349 1164 2411 510

624 2562 747 2624 Haclo.

283 2694 369 2758 Bono
393 2694 494 2756 onimo
518 2693 567 2754 fac
590 2693 639 2767 sis,
663 2691 809 2765 Sostrata,
829 2698 860 2752 et
883 2690 973 2752 istam
998 2692 1080 2772 quod

443 2816 528 2888 potes

282 2921 346 2983 Fac
359 2921 518 2983 consolare.
559 2939 614 2999 ego
625 2919 799 2991 Micionem,
809 2917 834 2978 si
848 2916 930 2998 opud
941 2918 1079 2994 serumst,

282 3035 469 3096 Conuoniam
480 3042 571 3112 atquc
583 3041 617 3092 ut
629 3053 674 3091 res
685 3035 796 3111 gostast
810 3014 941 3092 narrabo
954 3031 1078 3093 ordine:

280 3149 313 3211 Si
327 3158 380 3224 est,
393 3151 420 3210 oa
432 3148 567 3208 facturus
580 3149 615 3208 ot
628 3148 668 3208 sit
682 3137 813 3207 officium
826 3167 922 3220 suom,

281 3260 405 3346 Faciat:
426 3260 473 3322 sin
486 3259 576 3320 aliter
589 3258 627 3320 dc
640 3258 699 3319 hoc
712 3278 746 3318 re
759 3266 804 3318 est
817 3257 881 3317 cius
893 3257 1052 3328 sentontia,
1098 3256 1158 3314 515

281 3374 474 3457 Respondeat
493 3374 545 3447 mi,
565 3371 696 3452 utquid
719 3391 810 3451 agam
830 3388 923 3450 quam
942 3367 1076 3447 primom

282 3513 285 3520 ¹
440 3508 542 3550 saram.

663 3596 706 3648 12
