2632 3772
1234 1 1299 110 v‘i

211 223 254 287 52
562 241 600 290 Ρ.
623 243 819 293 rsnrrrr
1008 231 1090 320 [Aet
1105 234 1174 304 IV.
1298 198 1300 338 i

209 395 269 477 My.
296 395 383 459 Satin
404 396 513 472 sinu's,
535 399 587 480 qui
610 421 659 461 me
683 402 716 463 id
738 404 870 484 rigiies?
909 404 971 468 Da.
994 406 1095 484 Quem

451 511 518 591 Ego
532 512 626 592 igitir
640 534 752 594 rogem,

291 623 354 701 Qui
368 625 418 686 hie
432 626 582 686 neminem
606 627 701 688 alium
724 629 869 691 uideam?
915 630 969 696 05.
987 633 1093 708 Miror,

452 737 531 798 inde
546 739 593 799 sit.
1115 749 1174 810 750
1300 762 1301 786 ¹

209 850 421 914 Da.Dieti1ra
444 873 475 913 es
499 855 580 934 quod
605 858 699 936 rogo?
739 858 799 938 My.
825 857 886 920 Ar.
928 860 989 923 Da.
1015 862 1091 924 Con·

450 967 521 1028 cede
534 967 574 1028 ad
589 967 755 1032 dexteram.

209 1077 269 1156 My.
293 1076 431 1140 Delirus:
451 1099 513 1140 non
527 1088 593 1141 tute
607 1083 692 1162 ipse?
733 1082 795 1145 Da.
809 1085 947 1148 Verbum
963 1090 990 1149 si
1003 1089 1080 1150 mihi

289 1189 395 1252 Vnrim
420 1201 540 1272 praeter
568 1214 661 1273 quam
690 1196 772 1276 quid
800 1205 830 1258 ie
857 1219 929 1280 rogo
951 1247 958 1262 .
980 1247 987 1263 .
1009 1201 1090 1264 faxis

448 1324 529 1366 caue.

287 1415 372 1478 Male
392 1417 489 1479 dieis?
511 1421 641 1482 undeet?
662 1421 712 1484 die
733 1424 823 1487 clare.
864 1426 924 1506 My.
947 1426 979 1488 A
993 1427 1087 1490 nobis.

446 1533 507 1595 Da.
522 1534 648 1598 Hihae:

285 1642 400 1705 Minim
415 1666 496 1721 uero,
513 1647 695 1727 inpudenter
710 1650 820 1712 mulier
833 1654 860 1712 si
873 1652 948 1713 facit
1107 1656 1167 1718 755

285 1757 457 1819 Meretrix?
502 1758 554 1822 05.
578 1760 630 1822 Ab
654 1761 802 1824 Andriist
829 1764 913 1839 haee,
936 1775 1085 1846 quantum

445 1875 597 1957 intellego.

203 1989 264 2052 Da.
286 1990 395 2052 Aderin
408 1989 550 2052 uidemur
565 1989 650 2051 uibis
664 2010 726 2051 esse
740 1990 850 2063 idrnei,

283 2104 321 2165 In
336 2104 447 2186 quibus
460 2103 503 2165 sie
517 2103 684 2164 inluditis?
729 2103 782 2166 05.
796 2103 879 2166 Veni
893 2105 923 2164 in
939 2109 1081 2185 tempore.

202 2216 262 2278 Da.
284 2216 420 2298 Propera
432 2217 507 2279 ideo
522 2236 650 2297 puerum
664 2215 770 2278 wilere
784 2216 855 2277 hine
869 2217 909 2278 ab
923 2218 1032 2278 irinue:

283 2331 393 2392 Mane:
415 2351 489 2391 caue
503 2350 656 2411 quoquam
670 2349 709 2389 ex
725 2331 800 2390 istoc
814 2331 941 2390 excessis
955 2329 1030 2392 loeo·
1101 2332 1159 2394 760

202 2443 262 2523 My.
283 2444 325 2504 Di
339 2453 369 2505 te
383 2443 553 2504 eradicent:
575 2443 620 2502 ita
636 2462 684 2502 me
698 2441 837 2502 miseram
851 2443 979 2505 territas.

201 2556 261 2617 Da.
283 2555 352 2617 Tibi
375 2559 429 2636 ego
452 2555 518 2617 dieo
543 2576 583 2616 an
605 2555 687 2614 non?
728 2554 787 2633 My.
810 2554 895 2632 Quid
908 2557 978 2617 uis?
1018 2556 1078 2619 Da.

441 2666 486 2727 At
500 2667 590 2727 etiem
607 2665 719 2744 rogas?

280 2782 371 2856 Cedo,
385 2782 509 2862 qubium
524 2802 651 2861 puerum
667 2780 717 2841 hie
731 2780 895 2859 idposisti?
915 2781 965 2842 die
980 2782 1065 2844 mihi.

200 2895 260 2975 My.
282 2894 329 2958 Tu
346 2895 461 2956 nescis?
501 2895 561 2956 Da.
576 2894 668 2955 Mitte
683 2893 714 2954 id
729 2894 810 2974 qued
830 2893 907 2955 seio:
929 2894 979 2956 die
998 2897 1079 2976 quid

442 3027 523 3087 rogo.

199 3123 259 3203 My.
278 3121 395 3184 Vestri.
435 3120 497 3182 Da.
525 3120 643 3198 Quoius
671 3120 787 3182 nostri?
826 3120 888 3200 My.
913 3119 1077 3201 Pamphili.

445 3231 496 3296 05.
512 3231 604 3293 Hem.
646 3232 707 3293 Da.
723 3232 829 3310 Quid?
870 3232 1046 3313 Pamphili?
1101 3237 1160 3298 765

199 3349 259 3428 My.
279 3349 357 3424 Eho,
371 3369 411 3410 an
424 3350 486 3409 min
500 3348 565 3408 est?
612 3346 665 3409 05.
687 3347 782 3409 Recte
803 3367 858 3427 ego
878 3350 996 3427 semper
1014 3348 1078 3429 fugi

438 3458 494 3520 has
507 3457 639 3539 nfiptias.
