2632 3772
179 226 795 314 Se.111.2-1V.17.]i1mm>110s.
1101 227 1165 295 87·

186 403 227 466 Oe.
259 403 327 483 Ego
347 402 434 462 illam
454 402 556 463 hercle
577 423 649 463 uero
670 404 786 477 omitte,
809 403 862 483 qui
883 403 1008 483 quidem
1031 412 1062 465 te

420 514 548 575 hdbeam
563 515 705 575 fratrem:
727 536 744 576 ο
760 515 802 574 mi
819 515 980 589 Aeschine,

180 653 187 664 ·
259 625 287 687 Ο
309 626 353 710 mi
373 645 533 706 germane:
556 626 595 685 ah
617 629 723 685 uereor
744 646 845 686 eoram
861 626 893 686 in
908 629 939 686 ds
954 636 984 688 te
998 625 1061 687 lau·

421 739 496 800 dare
508 739 649 818 emplius,

263 853 312 914 Ne
339 852 372 913 id
399 850 585 913 adsentandi*
607 851 702 931 magis
730 873 822 932 quam
847 874 908 933 quo
931 853 1061 914 habeam

418 967 540 1045 gratum
560 964 659 1026 faeere
680 967 852 1026 existumes.
995 973 997 978 '
1083 967 1141 1027 270

177 1077 233 1140 Ae.
248 1078 326 1159 Age
346 1079 456 1159 inepte,
470 1078 557 1157 quasi
578 1098 660 1138 nune
674 1080 735 1138 nen
749 1078 886 1139 norimus
906 1081 961 1140 nds
981 1078 1061 1140 inter

419 1211 482 1263 nos,
496 1189 649 1269 Ctesiphe

202 1353 204 1358 .
259 1302 329 1364 Hoe
351 1303 427 1363 mssri
447 1301 539 1376 dolet,
556 1323 610 1363 nos
630 1305 696 1364 sero
715 1303 836 1364 rescisse
855 1306 887 1364 et
900 1287 1003 1384 ¹paene
1027 1305 1060 1364 in

417 1435 488 1476 eum
502 1418 563 1475 rem
576 1414 677 1476 locum
735 1469 743 1479 .

258 1529 393 1603 Redisse,
409 1537 443 1590 ut
463 1528 488 1588 si
510 1549 612 1589 omnes
632 1507 779 1607 cuperent
798 1529 844 1589 nil
865 1529 922 1591 tibi
940 1532 1060 1610 pessent

418 1639 605 1701 auxiliarier.

182 1757 226 1819 ot.
257 1756 405 1817 Pudebat.
448 1755 502 1816 Ae.
517 1754 579 1828 Ah,
589 1727 749 1844 stultitiast
760 1755 860 1829 istaec,
871 1757 933 1817 ιιόιι
944 1756 1058 1836 pudor:

422 1877 487 1930 tam
502 1867 540 1928 ob
555 1865 714 1946 paruolum
777 1945 781 1951 ⁵

258 1981 336 2043 Rem
349 1985 444 2062 paene
457 2003 474 2042 e
488 1983 606 2062 patria!
622 1982 711 2060 tdrpe
725 1980 818 2041 dictu.
861 1980 1056 2064 dedsquaeso

418 2105 453 2156 ut
467 2097 560 2158 istaec
574 2095 765 2176 prehibeent.
965 2088 971 2098 '
1079 2095 1151 2186 275·

182 2208 225 2272 Gt.
257 2208 394 2270 Peeetui.
435 2208 490 2270 Ae.
516 2209 600 2286 Quid
621 2211 666 2270 ait
686 2208 809 2268 tandem
824 2208 911 2269 nobis
924 2207 1059 2269 Sannio?

417 2322 464 2403 Sy.
480 2323 547 2384 Iam
563 2323 644 2383 mitis
658 2331 709 2383 est.
1169 2307 1173 2314 ’

176 2434 232 2497 Ae.
260 2435 327 2516 Ego
341 2437 381 2498 ed
395 2437 496 2498 forum
510 2436 570 2510 ibo,
585 2444 620 2497 ut
633 2437 715 2497 hunc
730 2435 905 2497 absoluam:
927 2443 962 2496 tu
976 2436 1057 2497 intro

417 2553 458 2614 ad
472 2553 568 2626 illam,
584 2551 736 2632 Ctesipho.

174 2665 226 2728 Sa.
254 2666 338 2747 Syre,
353 2667 443 2726 insta
484 2664 531 2744 Sy.
552 2664 684 2734 Eamus:
705 2663 900 2744 namquehie
914 2673 1058 2743 properat

417 2777 452 2836 in
466 2775 611 2856 Cyprum.
653 2774 702 2835 Sa.
718 2773 766 2834 Ne
780 2776 841 2834 tam
857 2759 997 2854 quidem:

257 2890 409 2968 Quamuis
429 2891 523 2952 etiam
543 2910 651 2950 maneo
671 2888 782 2950 dtiosus
803 2887 863 2948 hic.
903 2887 951 2968 Sy
976 2887 1067 2949 Red-¹

416 3003 522 3065 detur:
543 3007 581 3064 ne
595 3004 676 3064 time.

173 3117 225 3179 Sa.
253 3116 299 3179 At
319 3127 355 3180 ut
376 3120 466 3180 dmne
489 3117 605 3179 reddat
647 3115 694 3196 Sy.
721 3095 821 3177 (imae
844 3115 967 3177 reddet:
988 3118 1055 3176 tace

416 3230 506 3291 modo
520 3250 693 3308 assequere
707 3228 772 3288 hae.
814 3227 863 3288 Sa.
878 3227 1001 3306 Sequor.
1077 3227 1135 3285 280

178 3341 222 3404 Ol.
254 3342 341 3405 Heus
355 3344 439 3416 heds,
453 3343 537 3424 Syre.
578 3342 624 3420 Sy.
647 3341 732 3418 Quid
753 3341 818 3399 est?
864 3339 906 3400 ot.
924 3317 1056 3396 6bsecro

415 3457 517 3516 hercle
538 3463 576 3528 te,
599 3454 752 3514 heminem
776 3453 868 3512 istum
889 3448 1056 3526 inpurissu·

416 3590 502 3629 mum
