2632 3772
181 221 436 308 Sc.III.l-41.]
533 241 788 290 Annnrnon.
811 318 814 322 ¹

241 428 244 434 ·
261 393 414 456 Absurda.
456 394 545 474 piscis
561 399 672 456 ceteros
687 398 794 475 pungi,
810 397 947 459 Dromo:

261 507 416 587 Congrum
426 509 518 568 istum
531 528 709 568 maxumum
721 510 753 568 in
765 529 845 588 aqua
856 507 947 568 sinito
959 507 1064 569 ludere

260 619 437 701 Tantisper:
460 621 513 681 ubi
528 642 582 700 ego
597 620 722 695 rediero,
737 622 942 682 exossabitur:

260 732 349 794 Prius
377 732 457 794 uolo.
498 733 554 794 De.
580 733 701 794 Haecin
730 733 865 813 flagitia!
906 733 954 814 Sy.
980 733 1060 794 Mihi

421 846 543 925 quidem
557 845 618 906 had
631 847 762 925 placent,

260 959 302 1021 Et
316 959 414 1020 cltmo
427 980 524 1040 saepe.
567 960 750 1023 salsamenta
764 961 848 1034 haec,
863 961 1038 1040 stephanio,
1080 962 1140 1022 380

260 1069 324 1131 Fac
354 1072 545 1131 macerentur
579 1070 714 1150 pulchre.
770 1072 825 1132 De.
854 1070 897 1131 Di
925 1073 1058 1132 nostram

419 1182 519 1258 fidam,

261 1299 373 1361 Vtrum
388 1299 526 1360 studione
540 1298 571 1359 id
585 1299 644 1359 sibi
659 1299 751 1360 hahet
765 1321 802 1360 an
819 1299 906 1361 laudi
920 1306 1010 1378 putat

259 1411 348 1485 Fore,
363 1414 390 1472 si
403 1412 569 1491 perdiderit
582 1414 731 1491 gnatum?
752 1433 809 1473 uae
823 1414 931 1473 misero
946 1411 1029 1472 mihi.

258 1523 373 1586 Videre
389 1524 492 1584 uideor
507 1525 568 1584 iam
583 1523 662 1584 diem
675 1524 772 1597 illum,
783 1544 873 1603 quom
886 1525 958 1584 hinc
969 1544 1057 1602 egens
1090 1604 1092 1608 .

259 1634 417 1714 Profugiet
431 1634 534 1713 aliquo
548 1635 723 1694 militatum.
766 1633 813 1713 Sy.
829 1633 856 1694 Ο
872 1634 997 1707 Demea,
1078 1635 1138 1706 385

260 1748 342 1809 Istuc
356 1758 401 1809 est
414 1768 527 1827 sapere,
541 1750 602 1807 non
616 1747 697 1826 quod
711 1756 782 1807 ante
796 1746 886 1825 pedes
899 1747 1018 1808 modost

260 1863 382 1936 Videre,
396 1862 447 1922 sed
462 1862 554 1922 ctiam
568 1861 624 1920 illa
639 1880 716 1940 quae
730 1859 834 1920 futura
847 1868 918 1920 sunt
1059 1854 1061 1858 ’
1129 1843 1131 1848 ¹

259 1975 443 2054 Prospicere.
485 1974 541 2034 De.
564 1973 672 2050 Quid?
692 1972 785 2033 istaec
805 1972 865 2032 iam
889 1975 980 2051 penes
1004 1991 1059 2034 uos

420 2087 595 2167 psaltriast?
1133 2155 1135 2158 ¹

178 2202 227 2283 Sy.
257 2203 362 2264 Ellam
381 2203 472 2262 intus.
515 2201 570 2261 De.
593 2200 671 2275 Eho,
686 2222 726 2262 an
747 2201 859 2262 domist
878 2199 1061 2264 habiturus?

419 2315 466 2394 Sy.
481 2313 588 2387 Credo,
603 2323 638 2374 ut
652 2327 696 2374 est

259 2426 429 2489 Dementia.
471 2427 526 2488 De.
542 2427 662 2511 Haecin
677 2427 761 2487 fieri!
803 2426 851 2507 Sy
866 2426 976 2507 Inepta
987 2428 1059 2489 leui-

419 2549 466 2602 tas
1079 2544 1139 2605 390

259 2653 360 2716 Patris
393 2657 424 2716 et
457 2653 589 2715 facilitas
623 2655 728 2734 praua.
770 2653 827 2714 De.
857 2651 976 2714 Fratris
1010 2657 1059 2715 me

420 2765 542 2846 quidem

258 2878 360 2940 Pudet
380 2878 530 2959 pigetque.
571 2878 618 2957 Sy.
646 2877 787 2937 Nimium
810 2877 973 2953 internos,
998 2879 1058 2940 De·

418 3011 495 3064 mea,
585 2963 587 2972 ,

260 3105 346 3180 (Non
365 3105 438 3186 quia
456 3104 527 3165 ades
548 3123 688 3183 praesens
704 3103 772 3164 dico
786 3102 859 3182 hoc)
874 3104 1057 3182 pernimium

418 3219 498 3278 inter
512 3225 564 3277 est.

257 3325 313 3401 Tu,
330 3329 460 3407 quantus
475 3325 625 3406 quantu's,
640 3325 685 3385 nil
700 3325 759 3385 nisi
773 3325 923 3404 sapientia
937 3345 977 3396 cs,

257 3438 317 3500 Ille
330 3438 491 3500 somnium.
531 3457 604 3499 nam
616 3438 729 3498 sineres
742 3456 815 3496 uero
830 3435 920 3494 illum
935 3442 1020 3493 tuom
1079 3432 1137 3490 395
