2628 3758
186 196 437 284 Sc.IX.l-28.]
541 213 797 264 summussos.
1085 199 1146 265 131

187 372 243 435 De.
268 369 403 434 Gaudeo.
445 369 500 433 Ae.
515 369 559 432 Et
572 391 636 451 ego.
677 371 724 452 Sy.
740 370 854 433 Credo:
876 370 996 434 utinam
1010 371 1068 434 hoo

428 487 604 565 perpetuom
619 484 673 545 fiat
686 485 842 564 gaudium,

266 595 435 678 Phrygiam
445 605 481 658 ut
494 600 621 658 uxorem
632 616 732 657 meam
742 617 804 657 una
815 598 934 656 mecum
945 596 1067 658 uideam

426 708 564 770 liberum.

187 822 243 884 De.
268 803 436 903 Optumum
456 821 580 901 quidem
599 819 767 882 mulierem.
807 821 855 901 Sy.
880 820 924 882 Et
944 821 1068 901 quidem

429 937 482 995 tuo
496 933 599 1014 nepoti
612 932 704 994 huius
718 933 786 994 fssio

267 1049 370 1111 Hodie
380 1049 480 1130 prima
490 1051 655 1110 msmmam
664 1047 748 1110 dedit
758 1050 841 1110 baso.
882 1049 938 1110 De.
953 1048 1067 1111 Hercle

428 1181 501 1223 uero
515 1162 601 1235 serio,
1089 1162 1147 1224 975

268 1272 425 1354 Siquidem
453 1273 553 1353 prima
580 1273 674 1347 dedit,
698 1273 782 1334 houd
809 1271 966 1334 dubiumst
994 1273 1068 1353 quin

429 1386 527 1447 emitti
541 1388 669 1467 aequom
683 1386 747 1448 siet.

189 1497 244 1560 Mi.
269 1478 319 1560 6b
340 1518 408 1560 eum
429 1499 514 1560 rem?
554 1499 610 1560 De.
632 1498 681 1560 Ob
702 1519 788 1558 eam:
809 1501 1000 1578 postremos
1019 1517 1068 1559 me

430 1615 590 1693 argeutum
605 1612 739 1692 quantist
755 1612 873 1672 sumito.

188 1723 236 1803 Sy.
267 1723 313 1784 Di
333 1723 399 1798 tibi,
419 1724 545 1796 Demea,
566 1723 669 1784 omnis
689 1743 792 1783 omnes
820 1725 937 1803 semper
963 1730 1069 1803 optata

431 1833 566 1896 offerant.

190 1946 245 2009 Mt
269 1947 353 2029 Sy‘re,
373 1949 541 2029 processisti
555 1947 645 2008 bodie
659 1947 794 2028 pulchre.
835 1947 890 2008 De.
911 1947 1069 2028 SIquidem

430 2081 528 2142 porro,
543 2060 646 2134 Micio,

270 2173 318 2235 Tu
344 2182 429 2236 tuom
458 2173 590 2235 officium
617 2173 716 2246 fitoies,
740 2181 832 2253 atque
856 2173 928 2234 huio
953 2172 1069 2254 sliquid

432 2289 561 2369 paulum
581 2291 655 2367 prae
675 2308 769 2348 manu
1090 2289 1149 2351 980

270 2399 407 2474 Dederis,
431 2399 513 2460 unde
540 2399 788 2460 utttum'reddet
815 2398 875 2460 tibi
902 2399 970 2461 cito.
1011 2400 1067 2463 Mi.

430 2512 511 2574 Istoc
533 2513 634 2573 uilius.

189 2626 244 2689 Ao.
269 2627 366 2708 Frugi
386 2626 513 2688 homost.
554 2627 602 2706 Sy.
624 2625 765 2688 Reddam
785 2626 896 2701 herote,
911 2627 951 2688 da
970 2627 1068 2690 modo.

430 2739 484 2801 Ae.
501 2732 579 2820 lige,
593 2749 688 2820 pater.
730 2741 785 2801 Mt.
800 2739 873 2801 Post
887 2740 1050 2803 consulam.

190 2857 247 2919 Do.
272 2855 386 2918 Fsoiet.
427 2856 475 2936 Sy.
501 2855 529 2916 Ο
554 2855 604 2916 uir
627 2859 758 2936 optume.
799 2853 853 2916 Ae.
875 2854 904 2916 Ο
923 2856 1070 2936 paterini

430 2969 640 3030 festiuissume.

190 3085 245 3146 Mt
272 3082 358 3162 Quid
377 3083 476 3144 istuc?
497 3103 575 3162 quae
595 3103 642 3144 res
662 3085 725 3143 um
746 3091 869 3163 repente
889 3085 985 3145 mores
1005 3105 1070 3144 mu-

431 3199 513 3258 tauit
527 3197 615 3257 tuos?

138 3337 141 3342 ·
271 3309 362 3388 Quod
376 3309 575 3392 prolubium?
589 3310 666 3389 quae
681 3308 772 3370 istaec
785 3306 915 3370 subitost
925 3307 1070 3388 ltrgitas?

430 3422 487 3485 Do.
502 3421 611 3482 Dictm
626 3420 699 3482 tibi:
1091 3409 1150 3472 985
