2632 3772
457 377 858 476 PROLOGVS.

172 559 350 633 Posmntu
364 567 454 641 poeta
467 563 558 622 sensit
572 563 753 643 scripturam
767 583 854 624 suam

171 673 224 736 Ab
238 676 350 756 iniquis
364 676 518 738 obseruari
532 684 563 736 et
576 676 768 737 aduersarios

171 791 292 870 Rapere
305 795 339 854 in
352 795 485 873 peiorem
499 796 615 874 pirtem
631 813 723 873 quam
738 795 838 854 acturi
851 814 973 855 sumus:

172 903 290 968 Indicio
305 908 342 968 de
356 929 416 968 scae
429 911 493 987 ipse
507 908 573 982 erit,
590 929 642 968 uos
657 907 778 978 iudices.

171 1016 296 1078 Laudin
310 1038 350 1079 an
365 1019 440 1080 uitio
455 1019 523 1080 driei
540 1019 572 1079 id
587 1019 702 1079 factum
716 1022 861 1098 opdrteat.
1114 1022 1134 1080 5

169 1129 483 1211 Synapothnescontes
497 1132 621 1212 Diphili
635 1132 835 1193 comoediast:

170 1243 251 1304 Eam
264 1244 494 1306 Otmmorientis
509 1245 637 1306 Plautus
651 1246 723 1306 fecit
737 1245 885 1307 fibulam.

170 1356 209 1418 In
223 1357 342 1419 Graeca
356 1358 532 1419 adulescens
546 1363 598 1433 est,
614 1360 666 1439 qui
681 1359 782 1420 lenoni
796 1360 887 1440 eripit

170 1470 362 1532 Meretricem
378 1472 410 1531 in
425 1473 524 1550 prima
538 1472 660 1532 fabula:
683 1493 751 1532 eum
767 1471 895 1533 Plautus
909 1471 1010 1546 locum

170 1583 309 1663 Reliquit
323 1584 483 1664 integrum.
526 1605 594 1645 eum
610 1586 660 1645 hic
675 1584 773 1646 locum
789 1587 919 1664 sumpsit
932 1583 990 1645 sibi
1092 1585 1130 1647 10

169 1695 206 1757 In
223 1695 390 1778 Adelphos
405 1697 533 1758 uerbum
548 1698 586 1758 de
601 1697 693 1757 uerbo
707 1717 881 1776 expressum
895 1695 1016 1756 extulit.

170 1810 249 1871 Eam
264 1813 318 1871 ntis
332 1811 430 1872 acturi
444 1813 548 1871 sumus
562 1831 691 1871 nouam:
713 1809 880 1889 perndscite

170 1925 340 1986 Furtumne
354 1925 469 1986 factum
484 1924 674 1985 existumetis
688 1926 726 1984 in
741 1923 842 1984 locum

171 2039 370 2118 Reprensum
386 2039 438 2118 qui
453 2038 634 2116 praeteritus
649 2036 877 2116 neglegentiast.

170 2152 253 2213 Nam
267 2151 347 2232 quid
362 2151 412 2211 isti
426 2150 534 2211 dicunt
548 2150 694 2224 maliuoli,
709 2150 845 2211 homines
859 2149 973 2210 nubilis·
1093 2151 1132 2211 15

171 2265 253 2326 Eum
266 2265 403 2326 adiutare
418 2263 603 2343 adsidueque
617 2284 680 2324 una
693 2263 841 2324 seribere:

171 2378 262 2456 Quod
278 2378 326 2438 illi
339 2377 536 2438 maledictum
550 2379 673 2438 tremens
687 2397 749 2437 esse
763 2378 960 2448 existumant,

171 2491 250 2552 Eam
264 2491 386 2552 laudem
400 2490 451 2551 hic
464 2489 550 2552 ducit
563 2491 748 2563 maxumam,
760 2509 851 2568 quom
863 2488 925 2547 illis
939 2487 1050 2568 placet,

171 2604 235 2682 Qui
249 2604 336 2666 uthis
349 2604 502 2665 uniudrsis
515 2613 546 2666 et
560 2603 672 2684 populi)
685 2602 817 2684 placent,

170 2717 309 2796 Quorum
324 2719 416 2798 ‹ipera
430 2717 462 2777 in
476 2717 566 2790 bello,
581 2717 613 2777 in
628 2717 698 2790 titio,
713 2715 746 2776 in
760 2715 880 2796 negdtio
1092 2717 1131 2779 20

169 2829 231 2892 Suo
246 2832 373 2911 quisque
387 2838 523 2910 ternpore
535 2833 620 2890 usust
634 2829 698 2890 sine
711 2827 863 2908 superbia.

169 2943 290 3005 Dehinc
304 2964 343 3003 ne
355 2944 519 3023 expectetis
534 2944 746 3022 irgumentum
760 2941 902 3002 fabulae:

168 3055 259 3118 Senes
273 3056 327 3137 qui
340 3056 432 3135 primi
446 3057 577 3130 uenient,
592 3057 620 3118 ei
633 3065 753 3137 partem
767 3055 914 3135 aperient,

169 3168 208 3230 In
222 3169 339 3250 agendo
354 3179 472 3248 partem
486 3170 652 3231 ostendent.
693 3169 785 3232 facite
798 3169 1019 3249 aequanimitas

168 3282 187 3320 a
269 3281 287 3320 x
369 3281 487 3354 *s*
569 3283 586 3320 a
677 3282 696 3320 a
786 3281 804 3320 x
895 3281 912 3319 *
1002 3280 1021 3318 a

168 3361 281 3426 Poetae
295 3361 542 3424 adscribendum
556 3364 667 3444 augeat
680 3361 871 3424 industriam.
1089 3359 1128 3418 25

990 3470 1024 3524 71
