2632 3772
158 190 198 254 58
505 209 543 254 Ρ.
566 209 759 254 nnnnnm
966 191 1048 278 [Act
1066 194 1114 262 V.
1140 177 1142 182 ¹

155 362 216 424 Do.
238 341 305 442 ligo
319 364 552 426 commodiorem
567 365 720 426 hominem
736 366 902 426 aduentum
917 370 1036 447 tempus

397 495 457 536 non
472 476 546 535 uidi.
586 476 628 536 St.
643 475 756 549 SeeluS,

237 585 336 662 Quem
348 607 418 647 nam
430 587 480 647 hio
492 586 618 648 laudat?
657 587 717 647 Da.
734 565 841 648 O'mnis
856 609 902 649 res
915 599 960 650 eet
974 590 1035 650 iam

396 701 428 760 in
443 701 530 761 uodo.
571 699 613 761 si.
628 699 716 762 Cesso
731 701 877 782 tdloqui?
1058 705 1116 764 845

156 811 215 873 Do.
237 789 317 873 Ehus
332 821 394 874 eet:
416 814 489 893 quid
505 814 615 893 agam?
655 813 697 874 m.
720 813 748 874 O
769 814 861 889 solue,
878 815 957 877 bone
977 817 1035 877 uir.

396 927 455 987 Do.
471 908 569 987 Ehem
584 926 676 1000 Simo,
690 947 708 986 o
723 929 824 987 noster
838 927 989 1002 Chremes,
1047 981 1052 992 .

236 1017 349 1100 omnia
369 1039 516 1118 adpartte
537 1039 598 1099 iam
619 1049 690 1099 sunt
709 1040 801 1100 intus.
843 1039 886 1101 St.
913 1040 1036 1103 Curasti

397 1153 498 1234 probe,

155 1264 215 1324 Do.
238 1239 301 1324 Vbi
326 1263 417 1337 uoles,
443 1268 564 1326 arcesse.
605 1265 647 1328 Si.
676 1265 760 1327 Bene
783 1287 875 1326 sone:
897 1266 929 1326 td
955 1268 1036 1327 enim

397 1398 468 1437 uero
483 1377 554 1438 hine
569 1381 649 1440 mine
663 1379 755 1440 abest.

236 1471 340 1550 Etiam
355 1500 389 1551 tu
403 1492 460 1552 hoc
475 1493 645 1571 respondes,
654 1494 728 1574 quid
739 1494 806 1555 istie
817 1494 875 1554 tibi
887 1496 1036 1574 negotist?

396 1606 457 1666 Do.
478 1605 601 1666 Mihin?
640 1606 683 1668 st.
697 1606 755 1667 Ita.

155 1719 215 1779 Da.
237 1719 360 1780 Mihin?
399 1718 442 1780 Si.
463 1717 532 1779 Tibi
555 1739 633 1798 ergo.
675 1719 736 1779 Da.
762 1719 855 1779 Modo
881 1741 931 1799 eqo
955 1720 1036 1782 intro

395 1830 448 1892 iui.
502 1830 544 1892 St.
573 1830 669 1906 Qutsi
702 1850 757 1908 ego
789 1851 881 1908 quam
918 1831 1035 1892 dudtim

397 1965 507 2026 rogem.
1055 1948 1115 2008 850

154 2061 216 2123 Do.
238 2060 315 2124 com
336 2069 390 2121 tuo
410 2068 503 2140 gnato
522 2080 592 2119 una.
632 2058 674 2119 St.
690 2039 781 2118 Anne
795 2068 839 2118 est
852 2058 934 2119 intus
948 2059 1034 2119 Ptm-

395 2172 518 2251 philus?
539 2171 657 2232 crucior
670 2170 768 2230 miser.

235 2287 312 2361 Eho,
327 2307 387 2346 non
402 2296 436 2347 tu
450 2286 530 2345 dixti
544 2288 606 2345 esse
620 2283 699 2344 inter
714 2305 762 2345 eos
777 2285 963 2358 inimicitiae,
973 2289 1034 2346 etr-

393 2399 508 2459 nufex‘i

152 2513 213 2576 Do.
234 2513 332 2574 sont„
361 2512 403 2574 si.
420 2513 507 2588 Quor
515 2512 609 2592 igitur
617 2511 668 2572 hio
679 2512 743 2572 est?
790 2510 839 2572 Oh.
852 2511 1034 2586 Quidillum

392 2625 511 2686 censes?
532 2645 601 2684 eum
616 2622 672 2683 illa
686 2623 796 2702 litigat.

151 2740 211 2800 Do.
233 2721 332 2800 immo
355 2759 427 2799 uero
452 2737 621 2817 indignum,
644 2735 796 2808 Chremes,
821 2736 884 2796 iam
914 2738 1031 2798 stemus

391 2851 463 2912 faxo
477 2872 516 2911 ex
530 2870 578 2911 me
594 2849 709 2911 midiae.

191 2981 201 3000 ·
231 2966 339 3028 Nescio
353 2966 407 3047 qui
420 2969 512 3026 senex
528 2966 617 3026 modo
632 2965 733 3026 uenit:
753 2965 857 3038 ellum,
872 2967 1031 3040 confidem,

391 3088 497 3141 catus:
1054 3082 1112 3142 855

230 3196 331 3273 Quom
359 3195 468 3256 faciem
497 3195 609 3270 uidetis,
634 3194 757 3256 uidetur
786 3196 848 3254 esse
876 3196 1031 3274 quentiuio

390 3306 485 3386 preti:

229 3421 335 3482 Tristis
355 3422 497 3482 seueritts
517 3421 595 3481 inest
613 3420 646 3479 in
665 3419 752 3480 uoltu
772 3427 864 3498 atque
877 3419 910 3479 in
925 3420 1027 3480 uerbis

387 3537 469 3598 fides.
