2632 3772
173 239 283 307 ScII.
293 234 510 321 51-ΙΙΙ.39.]
556 249 746 297 Auosru.
1091 231 1133 295 39

173 413 215 476 Si.
254 411 353 472 Immo
368 413 412 472 ita
426 411 496 471 uolo
511 409 614 490 itaque
627 407 749 488 postulo
763 415 799 467 ut
812 405 874 480 fiet,
889 404 1050 467 Chremes:
1075 405 1134 466 550

256 524 364 604 Neque
383 522 534 603 postulem
562 520 616 581 ebs
642 528 684 593 te,
704 519 737 579 ni
755 520 832 605 'ipsa
857 537 903 578 res
927 519 1056 579 monedt.

420 633 470 698 05.
492 633 578 711 Quid
592 633 657 693 est?

175 751 217 814 Si.
256 750 325 811 Irae
351 756 423 809 sunt
450 748 530 808 inter
556 745 735 826 Glycerium
763 751 793 804 ct
819 751 956 827 gnatum.
1004 741 1054 805 Oh.

415 860 528 921 Audio.

174 975 216 1037 si.
254 973 304 1034 Ito
338 975 475 1053 mdgnae,
510 978 545 1032 ut
577 991 695 1049 sperem
728 972 813 1050 posse
847 968 949 1031 euelli.
1005 966 1054 1030 05.

416 1085 563 1147 deulae.

174 1202 217 1264 si.
255 1199 394 1262 Profecto
407 1199 450 1260 sie
464 1206 516 1259 est.
564 1196 615 1260 ot.
632 1197 684 1259 Sic
698 1196 800 1258 hercle
814 1205 849 1257 ut
863 1195 963 1257 dictm
978 1195 1054 1257 tibi:

255 1311 438 1373 Amdutium
453 1311 517 1371 irae
531 1310 641 1372 amoris
655 1310 854 1391 integrdtiost.
1077 1307 1136 1368 555

175 1426 218 1489 Si.
256 1426 348 1499 Hem,
364 1425 396 1485 id
416 1434 446 1486 te
467 1427 520 1486 oro
542 1433 577 1486 ut
597 1433 669 1486 ente
689 1427 799 1486 cemus.
843 1425 917 1485 dum
939 1425 1056 1505 tempus
1148 1491 1151 1496 ,

417 1535 518 1609 datur,

257 1649 402 1729 Dumque
415 1650 479 1709 eius
493 1647 600 1710 lubido
614 1648 761 1710 occldsust
775 1648 976 1722 contumeliis,

257 1763 347 1823 Prius
361 1782 453 1842 quem
464 1761 572 1822 hairum
583 1760 695 1822 scelera
705 1768 736 1822 et
747 1760 900 1822 lterumae
911 1760 1057 1823 confictae

417 1873 496 1935 dolis

258 1988 444 2050 Redddcunt
452 1988 588 2048 animum
598 1988 1057 2068 aegrotumadmisericdrdiam,

258 2102 396 2167 onrem
410 2102 523 2162 demus.
565 2104 651 2180 spero
666 2103 881 2164 consuetudine
895 2112 926 2165 et
1079 2103 1139 2164 560

258 2213 406 2293 Coniugio
421 2212 540 2274 liberdli
555 2213 740 2287 deuinctum,
755 2213 908 2289 Chremes

258 2325 339 2388 Dein
353 2325 443 2386 focile
456 2345 495 2385 ex
508 2325 570 2386 illis
583 2328 645 2386 sese
659 2329 844 2388 emersurum
860 2329 957 2390 malis.

184 2436 235 2501 tt
255 2435 325 2497 Tibi
339 2436 383 2497 itc
396 2435 453 2496 hoc
468 2435 605 2496 uidetur:
627 2438 659 2496 dt
672 2456 727 2517 ego
741 2458 802 2498 non
815 2459 901 2518 posse
914 2438 1046 2502 {rbitror

259 2549 366 2629 Neque
386 2548 476 2609 illum
497 2547 575 2608 hine
595 2557 742 2628 perpetuo
762 2549 874 2612 habere
895 2572 992 2632 neque
1011 2573 1061 2615 me

419 2661 546 2742 perpeti.

177 2778 220 2840 si.
260 2776 324 2855 Qui
338 2777 396 2837 scis
409 2795 480 2855 ergo
495 2775 581 2849 istuc,
596 2776 655 2836 nisi
669 2776 819 2856 periclum
833 2777 959 2841 feceris?
1080 2782 1139 2843 565

185 2891 235 2952 oh.
257 2889 303 2950 At
316 2890 392 2950 istuc
406 2888 556 2969 periclum
569 2889 601 2949 in
616 2888 685 2951 fflia
698 2889 766 2951 fieri
779 2901 909 2972 grauest.

177 3003 220 3066 st
257 3002 376 3082 Nempe
390 3001 621 3063 incommoditas
635 3003 764 3084 denique
778 3005 838 3066 huc
852 3008 950 3068 omnis
963 3007 1050 3081 redit,

258 3113 291 3174 si
305 3113 434 3188 eueniat,
449 3113 531 3194 quod
545 3115 577 3174 di
590 3117 780 3195 prohibeant,
796 3118 943 3180 discessio,

259 3223 304 3284 At
317 3224 344 3284 si
357 3223 527 3304 corrigitur,
541 3227 616 3305 quot
629 3227 857 3288 commoditates
873 3228 961 3290 uide:

259 3335 415 3415 Principio
429 3335 526 3396 amico
540 3336 643 3397 silium
657 3337 832 3410 restitueris,
1081 3339 1141 3398 570

259 3446 329 3508 Tibi
342 3451 488 3530 generum
501 3448 623 3510 firmum
636 3457 667 3512 et
680 3449 766 3510 filiae
780 3449 915 3510 inuenies
929 3449 1040 3509 uirum.
