2632 3772
168 231 211 295 22
515 251 556 299 P.
579 249 773 298 ruamurr
999 230 1128 319 [ActI.

168 407 228 487 My.
249 405 356 468 Vnum
377 405 434 467 hcc
455 405 524 480 acio,
540 426 601 467 ease
619 407 767 480 meritam,
783 416 818 468 ut
838 410 1049 468 memorasses

409 519 464 580 sui.

169 634 224 696 Pu.
249 633 369 694 Memor
391 633 505 693 essem?
539 631 567 694 Ο
592 632 689 712 Mysia
716 631 822 714 Mysia,
846 633 940 694 ctiam
967 634 1049 695 nunc

408 746 485 805 mihi

249 861 370 941 Scripta
383 860 440 921 illa
455 861 538 921 dicta
551 862 622 922 aunt
635 861 669 920 in
682 860 785 922 animo
800 860 958 941 Chrysidis

250 974 299 1036 De
313 973 465 1054 Glycerio.
506 974 568 1034 iam
582 972 676 1034 ferme
696 973 826 1034 moriens
840 976 888 1034 mc
902 979 1008 1035 uocat:

250 1087 389 1149 Accessi:
411 1107 465 1147 uos
478 1089 617 1148 semctae.
660 1086 724 1147 Nos
739 1085 812 1148 soli:
834 1086 942 1166 incipit
1071 1085 1129 1146 285

250 1199 316 1260 ‘Mi
339 1198 508 1280 Pamphile,
534 1199 625 1260 huius
650 1200 778 1260 turmam
803 1208 895 1278 atque
919 1201 1049 1260 aetatem

410 1312 509 1375 uides:

252 1426 318 1488 Nec
338 1426 416 1488 clam
438 1436 468 1488 te
489 1436 542 1501 eat,
556 1447 648 1506 quam
669 1427 716 1486 illi
740 1429 820 1487 nuuc
841 1435 986 1505 utraeque
1006 1424 1050 1484 in-

411 1540 501 1602 utiles

252 1653 295 1716 Et
308 1654 347 1715 ad
361 1654 540 1735 pudicitiam
553 1657 584 1715 et
598 1654 637 1714 ad
652 1674 715 1714 rem
729 1653 890 1714 tutandam
903 1653 990 1714 aient.

252 1769 344 1848 Quod
358 1772 413 1849 ego
427 1789 481 1848 per
495 1768 574 1828 hanc
592 1776 623 1828 te
643 1768 782 1829 dextram
804 1787 857 1827 oro
878 1775 908 1826 et
928 1765 1050 1845 genium

413 1891 507 1954 tuom,

252 1997 312 2060 Per
326 1997 410 2058 tuam
423 1995 514 2057 fidem
528 2016 641 2075 perque
656 1994 745 2055 huius
759 1993 952 2056 solitudinem
1072 1989 1130 2050 290

251 2108 295 2171 Te
309 2106 449 2180 obtestor,
458 2127 496 2167 ne
506 2106 560 2167 abs
572 2115 601 2167 te
612 2106 692 2167 hanc
706 2108 841 2186 segreges
852 2125 911 2166 neu
923 2105 1049 2164 deseras.

253 2222 286 2283 Si
300 2231 330 2283 te
343 2223 377 2281 in
390 2220 527 2301 germani
541 2220 643 2281 frttria
658 2219 755 2280 dilexi
769 2219 835 2280 lcco

252 2340 324 2403 Siue
337 2340 411 2399 hacc
426 2345 456 2396 te
469 2333 567 2395 solum
582 2337 699 2413 semper
713 2333 784 2394 fecit
799 2331 936 2392 maxumi

251 2457 311 2518 Seu
325 2454 383 2516 tibi
396 2453 546 2534 morigera
559 2450 618 2512 frit
631 2449 664 2511 in
678 2447 767 2509 rebus
781 2446 929 2519 (amnibus,

251 2565 295 2628 Te
308 2567 360 2628 isti
373 2565 474 2626 uirum
489 2564 537 2638 dc,
552 2564 684 2624 amicum
700 2560 830 2621 tutorem
845 2565 979 2636 patrem:
1071 2554 1130 2614 295

252 2681 341 2742 Bona
354 2683 457 2741 ncstra
473 2679 548 2740 haec
563 2676 619 2738 tibi
634 2676 776 2756 permitto
798 2681 828 2733 et
848 2681 919 2732 tuae
940 2671 1050 2731 mandc

413 2792 490 2853 fide!

253 2907 345 2967 Hanc
360 2905 402 2965 mi
414 2906 448 2965 in
463 2924 587 2965 manum
602 2902 673 2964 dat:
695 2902 775 2961 mirra
797 2897 939 2958 contiuuo
954 2895 1051 2975 ipsam

415 3021 550 3099 cccupat.

254 3132 385 3213 Accepi:
420 3139 576 3210 acceptam
604 3126 739 3190 seruabo.
792 3125 852 3205 My.
888 3122 938 3184 Ita
965 3124 1052 3202 spero

413 3246 545 3327 quidem.

174 3360 227 3421 Pe.
252 3360 395 3438 Propera.
438 3368 529 3436 atque
543 3356 657 3417 audin?

254 3473 392 3536 Verbum
406 3475 591 3556 smumflcaue
605 3471 643 3532 de
656 3471 779 3550 nuptiis,
793 3491 832 3532 ne
852 3468 893 3531 ad
912 3468 1052 3532 murbum

414 3587 470 3646 hoc
485 3586 585 3646 etiam.
628 3587 689 3666 My.
711 3587 819 3647 Teneo.
1074 3581 1133 3641 300
