2632 3772
198 221 528 309 sc.1V.21-V.18.]
581 240 774 289 Amnem..
1118 225 1161 288 43

278 399 389 460 Dicam
411 398 528 479 aliquid
552 419 601 460 me
626 398 834 473 inuenti'rrum
849 397 976 460 ut'huie
998 398 1079 460 malo

438 513 574 592 Aliquam
589 512 767 592 productem
783 535 908 576 moram.
1100 514 1158 574 615

197 628 251 689 Pa.
276 627 335 690 Oh.
371 627 432 688 Da.
448 626 541 688 Visus
562 647 638 688 sum.
680 626 736 688 Pa.
751 627 821 688 Eho
835 626 908 687 dum
928 626 1007 688 b6ne
1020 627 1077 700 uir,

310 789 328 803 ,,
436 737 510 817 quid
525 737 592 796 ais?
633 736 726 796 uiden
741 757 790 797 me
804 737 936 798 consiliis
952 737 1011 797 tuis

276 849 422 911 Miserum
437 849 608 930 inpeditum
623 850 707 910 eme?
747 848 808 910 Da.
834 827 879 910 rit
904 849 964 909 iam
990 869 1078 929 expe-

435 961 528 1022 diam.
580 960 635 1021 Pa.
665 959 840 1040 Expedies?
891 960 952 1020 Da.
980 960 1078 1034 Certe,

311 1111 314 1120 Δ
436 1073 606 1153 Pemphile.

195 1189 250 1251 Pa.
275 1189 393 1270 Nempe
403 1191 438 1250 m
449 1189 546 1250 m0d0.
585 1188 645 1249 Da.
657 1187 757 1249 Immo
766 1188 874 1250 melius
883 1208 979 1268 spero.
1021 1187 1076 1249 Pa.

435 1300 494 1374 Oh,
509 1301 565 1362 tibi
581 1322 635 1381 ego
650 1310 686 1362 ut
700 1300 832 1374 credam,
848 1300 998 1361 fiireifer?

275 1412 321 1474 Tu
332 1435 396 1474 rem
409 1414 579 1494 inpeditam
593 1423 623 1475 et
637 1413 786 1494 perditam
802 1413 965 1474 restituae?
1004 1412 1075 1473 hem

437 1548 496 1608 quo
511 1528 605 1589 fretus
618 1529 685 1601 sim,

275 1640 337 1718 Qui
358 1661 407 1701 me
427 1640 518 1700 h6die
538 1660 577 1700 ex
598 1617 860 1720 tmnquiliissuma
876 1660 908 1700 re
923 1639 1076 1701 cbnieeieti

433 1751 466 1811 in
480 1752 613 1831 niptias.
1097 1754 1156 1816 620

273 1863 326 1925 An
349 1885 411 1926 non
435 1865 502 1926 dixi
526 1886 587 1926 esse
610 1865 668 1926 hec
692 1865 852 1927 futurum?
893 1865 953 1926 Da.
974 1864 1074 1928 Dixti.

432 1975 489 2037 Pa.
505 1976 590 2054 Quid
604 1977 761 2038 meritri’e?
801 1976 861 2038 Da.
876 1976 1014 2038 Crucem.

273 2087 332 2150 Sed
349 2088 414 2149 sine
428 2089 591 2168 paululum
606 2089 645 2150 ed
659 2111 707 2151 me
722 2090 859 2152 redeam:
882 2092 944 2153 iam
957 2093 1073 2173 §liquid

433 2200 599 2280 dispiciam.
641 2202 696 2264 Pa.
712 2203 753 2264 Ei
766 2205 852 2278 mihi,

274 2316 376 2394 Quem
390 2337 451 2377 non
464 2315 562 2377 habeo
575 2318 716 2396 spatium,
729 2327 764 2380 ut
778 2319 816 2380 de
830 2329 860 2381 te
873 2323 988 2384 sirmam
1004 2344 1072 2404 sup

432 2429 567 2510 plicium,
581 2432 615 2492 rit
630 2431 717 2493 uolo:

272 2541 412 2623 Nemque
426 2543 483 2603 hoe
497 2551 616 2623 tempus
630 2547 811 2623 praecauere
825 2547 902 2608 mihi
916 2569 973 2624 me,
988 2550 1071 2612 haud

433 2661 463 2715 te
477 2654 582 2716 ulcisci
594 2656 675 2717 sinit.
806 2694 810 2699 ·

517 3045 837 3260 We
