2632 3772
501 227 539 276 P.
563 229 757 274 russum
783 175 785 182 Ι
942 209 1023 296 [Act
1045 208 1120 278 III.

492 503 627 566 Duum.
668 504 804 568 Snus·

156 649 211 711 111.
233 650 383 729 Disperii:
405 649 619 730 Ctesiphdnem
634 650 739 712 audiui
754 652 859 712 lilium
1059 651 1119 713 355

236 762 308 824 Vns
321 763 412 824 fuisse
425 763 458 824 iu
472 766 610 844 rdptione
626 785 696 824 cum
711 763 874 826 Aeschino.

235 873 273 934 Id
288 876 395 935 misero
410 883 503 936 restat
517 875 592 934 mihi
610 875 693 948 mali,
707 876 732 935 si
747 875 836 936 illum
850 883 957 956 potest,

236 988 298 1064 Qui
319 989 436 1068 aliquoi
455 989 536 1062 reist,
558 987 650 1048 etiam
680 1009 781 1049 meum
807 988 846 1048 td
871 988 1037 1069 nequitiem

394 1100 552 1161 adducere.

235 1211 299 1275 Vbi
320 1233 375 1292 ego
395 1212 485 1272 illum
507 1213 673 1292 quaeram?
703 1213 792 1273 eredo
817 1212 984 1273 abductum
1004 1212 1038 1272 in

394 1325 524 1403 gtneum

235 1435 367 1516 Aliqud:
389 1436 536 1516 persuasit
551 1435 604 1497 ille
618 1437 755 1516 inpurus,
770 1439 817 1498 stt
830 1437 900 1498 seio.
1057 1437 1117 1499 360

235 1548 295 1610 Sed
308 1550 411 1609 eccum
425 1547 537 1629 Syrum
551 1549 595 1609 ire
609 1548 715 1609 uideo:
731 1549 804 1609 hine
815 1549 898 1610 scibo
910 1548 972 1610 iam
984 1548 1036 1610 ubi

395 1663 459 1726 siet.

235 1777 333 1857 Atqui
347 1777 449 1838 hercle
461 1776 564 1838 hio-de
579 1797 669 1857 grege
683 1777 783 1840 sslost:
805 1780 830 1840 si
845 1801 893 1841 me
912 1781 1037 1843 senserit

176 1891 179 1900 ’
235 1890 316 1951 Eum
331 1891 510 1968 quaeritare,
526 1891 691 1968 numquam
706 1889 786 1952 dicet
802 1891 958 1952 1111111111.

235 2002 306 2062 Non
327 2001 483 2062 Ostendam
505 2001 537 2061 id
558 2022 607 2061 me
627 2000 716 2063 uelle.
757 2002 805 2082 Sy.
825 2002 955 2064 Omnem
970 2025 1035 2066 rem
1067 2060 1070 2065 .

396 2112 486 2173 mddo
500 2113 563 2173 seni

235 2227 306 2306 Quo
320 2229 408 2306 pdoto
423 2225 548 2287 haberet
561 2231 739 2290 enarramus
755 2229 870 2292 drdine.
1057 2231 1117 2293 365

235 2337 289 2398 Nil
304 2338 467 2417 quicquam
482 2335 547 2396 uidi
561 2336 679 2399 laetius.
721 2339 777 2399 111.
792 2339 853 2400 Pro
868 2339 1016 2420 Iuppiter,

235 2447 378 2509 Hominis
392 2447 563 2509 stultitiam.
604 2449 651 2528 Sy.
667 2448 874 2512 Odnleudauit
889 2451 1007 2513 fflium:

235 2561 324 2635 Mihi,
339 2561 391 2641 qui
404 2560 437 2620 ld
452 2559 600 2622 dedissem
615 2561 784 2637 sensilium,
799 2563 861 2642 egit
874 2564 995 2643 gratias.

154 2678 209 2739 De.
232 2676 421 2753 Disrdmpor.
462 2673 510 2752 Sy.
525 2671 699 2752 Argentum
714 2675 929 2737 ddnumerauit
942 2676 1033 2739 ilico:

234 2788 330 2849 Dedit
343 2794 500 2867 praeterea
514 2785 546 2845 in
560 2787 715 2866 sumptum
731 2787 892 2849 dimidium
906 2788 1023 2850 minse:
1056 2790 1115 2852 370

234 2901 272 2962 Id
286 2899 485 2962 distributum
497 2901 597 2960 sdnest
611 2921 650 2961 ex
664 2901 822 2964 sententie.
865 2901 921 2962 111.
937 2901 1028 2976 Hem,

233 3013 318 3074 Huic
333 3011 464 3085 mdndes,
479 3011 579 3092 siquid
593 3015 674 3073 recte
689 3015 832 3074 euratdm
846 3012 931 3076 uelis.

152 3127 198 3205 Sp.
231 3125 329 3186 Ehem
345 3124 469 3199 Demea,
481 3125 563 3184 haud
574 3128 752 3205 aspexeram
763 3136 809 3188 te:
825 3127 900 3206 quid
911 3127 1034 3207 agitur?

153 3239 209 3300 De.
231 3238 317 3315 Quid
332 3239 463 3316 agitur?
483 3247 618 3299 uestram
632 3243 747 3320 nequeo
761 3240 869 3301 mirari
882 3241 954 3302 sutis

234 3352 405 3412 Ratidnem.
447 3352 494 3432 Sy.
519 3351 577 3414 Est
604 3353 705 3414 hercle
732 3353 845 3434 inepte,
870 3375 909 3416 ne
934 3354 1035 3416 diesim

395 3459 474 3534 dolo,
1056 3465 1115 3529 375
