2628 3758
132 229 405 317 Sc.VII.3-41.]
488 249 743 296 Annnnuon.
1033 233 1097 298 117

214 405 266 466 Ite
279 406 373 465 uitust
387 405 554 476 hominum,
569 405 654 483 quisi
668 425 759 484 quom
775 404 864 465 ludas
878 405 1005 479 tesseris,

214 519 247 580 Si
261 517 339 577 ilhid
354 516 436 597 quod
450 537 594 577 maxume
609 519 684 596 epus
698 526 742 578 est
756 517 838 579 iactu
853 521 914 578 11611
925 518 1016 593 cadit,
1038 519 1097 580 740

216 631 300 691 Ilhid
315 630 397 710 quod
412 629 521 691 cecidit
535 631 622 704 sinte,
638 631 668 690 id
683 640 797 692 artent
812 632 951 711 currigas.

135 747 191 808 Dc.
216 745 391 806 Cerrector:
413 763 521 823 nempe
536 752 590 805 tua
605 745 670 804 inte
685 744 796 824 uiginti
810 745 911 806 minae

141 833 150 861 ⁸
215 857 277 918 Pro
291 856 418 937 peiltria
432 856 564 936 periere:
586 876 664 936 quae
679 859 826 935 quantum
842 867 940 938 potest

217 968 332 1047 Aliquo
347 966 542 1039 ibiciendust
556 968 583 1026 si
596 987 657 1025 non
672 966 778 1046 preti0‚
794 968 908 1047 gritiis.

135 1082 191 1143 Mi.
216 1080 324 1160 Neque
338 1082 383 1140 est
398 1100 495 1159 neque
509 1079 595 1139 iliam
610 1081 682 1140 sine
696 1080 801 1140 studeo
817 1081 975 1152 uendere,
1039 1081 1097 1142 745

135 1194 193 1254 De.
218 1192 303 1269 Quid
318 1191 413 1271 igitur
427 1191 539 1252 facies?
579 1191 634 1251 Mt.
656 1191 749 1252 Demi
771 1192 836 1254 erit.
878 1193 933 1254 De.
956 1193 1017 1254 Pro

378 1304 480 1365 diuum
495 1303 595 1378 fidem,

217 1418 367 1478 Meretrix
381 1426 411 1477 et
425 1425 522 1476 mater
535 1415 666 1476 similias
681 1435 743 1476 una
757 1419 791 1477 in
806 1417 917 1478 domo?

136 1530 193 1592 Mi.
219 1529 306 1607 Quor
319 1528 403 1588 nin?
443 1527 499 1586 De.
514 1525 669 1586 Sunumne
683 1526 779 1587 credis
793 1535 823 1587 te
837 1529 921 1588 esee?
960 1528 1015 1589 Mt.

190 1617 194 1630 Ι
378 1639 529 1720 Equidem
544 1638 684 1699 irbitror.

136 1757 192 1819 De.
216 1757 266 1818 Ita
280 1757 328 1816 me
341 1755 373 1816 di
388 1760 499 1826 ament,
514 1762 549 1813 ut
563 1752 653 1812 uideo
667 1760 751 1812 tuum
767 1773 821 1832 ego
837 1753 993 1832 ineptiam,

217 1871 385 1932 Facturum
400 1868 499 1942 crede,
513 1876 548 1927 ut
561 1865 672 1926 hibeas
687 1866 810 1946 quicum
825 1867 960 1928 cintitee.
1038 1868 1097 1929 750

136 1985 193 2048 Mi.
220 1985 307 2063 Quor
330 1983 412 2043 nun?
453 1980 508 2041 De.
530 1980 573 2040 Et
594 2000 675 2040 noua
695 1988 793 2060 nupta
814 1979 920 2041 eadem
942 1981 1016 2040 haec

377 2095 479 2156 discet.
522 2093 577 2153 Mi.
592 2092 723 2154 Scilicet.

136 2213 193 2275 De.
218 2211 265 2274 Tu
274 2212 412 2272 intereas
421 2208 522 2269 restim
533 2207 659 2267 dictans
669 2205 804 2267 saltubie
845 2205 1043 2267 Mi.Probe.·

137 2326 193 2386 De.
218 2323 338 2385 Probe?
380 2322 434 2382 Mi.
457 2298 500 2380 iit
520 2328 554 2380 tu
577 2317 733 2378 nobiscum
755 2320 825 2390 tina,
840 2318 865 2378 ei
880 2338 955 2398 opus
969 2318 1016 2379 sit

378 2435 434 2495 De.
450 2432 492 2493 Ei
506 2431 590 2491 mihi.

218 2551 290 2613 Non
314 2559 344 2612 te
366 2551 442 2610 haec
466 2547 603 2627 pudent?
644 2546 700 2607 Mt.
721 2545 789 2606 Iam
810 2549 882 2606 uere
903 2547 1017 2623 omitte,

381 2661 506 2733 Demea,

218 2777 316 2840 Tuum
327 2777 416 2837 istum
426 2773 627 2847 iracundiam,
636 2775 726 2852 itque
736 2772 780 2834 ita
790 2780 825 2832 ut
837 2771 921 2833 hodie
935 2772 1019 2834 decet
1041 2776 1099 2837 755

218 2888 365 2949 Hilarum
381 2887 416 2947 ic
431 2885 585 2945 lubentem
600 2883 648 2946 fec
663 2892 693 2943 te
706 2883 793 2963 gnati
809 2883 841 2942 in
855 2885 978 2964 nuptiis,
998 2865 1002 2876 ,

219 2999 286 3080 Ego
307 3000 362 3060 htis
382 2997 578 3059 couueniam:
603 2999 672 3076 piet
692 2995 753 3056 huc
774 2995 871 3056 reden
913 2997 970 3057 De.
991 2996 1021 3058 Ο

380 3111 528 3192 Iuppiter,

220 3225 364 3286 Hancine
392 3223 506 3284 uitam!
529 3221 634 3283 hoscin
662 3223 776 3282 meres!
797 3221 878 3282 hanc
903 3220 1022 3282 demen-

382 3336 474 3397 tium!

222 3455 311 3518 Vx6r
325 3455 389 3515 uine
403 3453 473 3514 dote
488 3453 606 3513 ueniet:
628 3453 710 3511 intus
725 3448 893 3528 psiltriast:
