2628 3758
96 159 106 172 .
164 195 216 262 se.
232 196 343 266 VIII.
361 197 475 284 8-35.]
528 185 786 266 ADELPHoess
1062 203 1125 268 129

230 407 237 414 ··
245 370 395 433 Videtur:
416 372 441 432 si
463 393 516 432 uos
537 375 621 434 tinto
648 394 737 453 opere
761 374 840 436 istuc
860 375 961 450 uoltis,
982 375 1044 438 fiat

404 482 458 544 Ae.
473 483 557 545 Bene
570 485 653 546 facis,
866 537 869 540 .
1065 489 1124 548 945

164 594 220 656 De.
245 593 356 654 Merite
371 601 419 654 tuo
433 602 463 654 te
477 615 554 656 amo.
597 598 704 655 uerum
718 641 726 656 .
742 642 749 656 .
764 594 819 656 Mt.
840 596 947 674 Quid?
986 598 1043 660 De.

345 735 347 740 ·
405 707 473 787 Ego
487 708 597 781 dicam,
610 708 668 770 hoc
683 729 775 788 quom
789 708 825 769 fit
839 710 920 788 qued
935 710 1013 772 uolo.
1104 769 1105 772 ,

164 822 218 883 Mi.
245 820 330 898 Quid
344 823 445 882 nfinc?
466 821 540 901 quid
555 823 668 883 restat?
708 822 765 882 De.
781 822 882 902 Hegio
898 826 1043 903 cognitus

406 932 453 994 his
466 943 511 994 est
524 937 701 1014 primus,

244 1044 370 1106 Adfinis
390 1045 485 1120 nobis,
500 1049 630 1127 pafiper:
653 1046 729 1108 bene
742 1069 796 1108 nos
811 1048 927 1129 aliquid
946 1049 1044 1110 facere

404 1157 452 1219 illi
465 1158 558 1220 decet.

163 1271 219 1334 Mi.
245 1270 330 1348 Quid
357 1270 477 1332 fecere?
516 1271 572 1333 De.
600 1270 706 1351 Agelli
734 1280 778 1333 est
805 1272 857 1333 hie
884 1271 941 1334 sub
969 1271 1044 1334 urbe

404 1382 531 1463 pafilum
551 1384 633 1464 quod
653 1384 758 1446 locitis
779 1385 876 1446 foras:

245 1498 330 1559 Huic
351 1498 456 1558 demus
470 1497 523 1578 qui
537 1496 665 1558 fruitur.
708 1497 763 1557 Me'.
785 1496 918 1559 Paulum
939 1498 971 1558 id
992 1501 1043 1558 aii-

404 1612 514 1672 temst?
553 1611 610 1671 De.
625 1610 658 1672 si
673 1610 841 1683 multfimst‚
855 1619 958 1670 tamen
1064 1611 1123 1671 950

243 1725 479 1788 Faciendumst:
501 1745 557 1805 pro
583 1733 671 1804 patre
697 1724 771 1785 huic
798 1734 851 1797 est,
872 1724 968 1784 bonus
990 1733 1042 1800 est,
1207 1709 1210 1716 ¹

301 1882 303 1884 -
403 1842 504 1900 nester
523 1846 577 1913 est,
598 1841 678 1899 recte
698 1837 798 1898 datur.

244 1951 399 2014 Postremo
418 1971 480 2012 non
501 1970 602 2011 meum
621 1949 701 2010 sslud
714 1949 843 2010 uerbum
858 1949 945 2024 ficio,
961 1951 1042 2030 quod

292 2035 297 2046 ’
403 2073 446 2138 tu,
461 2063 565 2137 Meto,

243 2176 327 2240 Bene
347 2181 378 2239 et
398 2178 549 2258 sapienter
567 2176 647 2237 dixti
666 2175 800 2237 dudum:
822 2176 950 2237 ‘uitium
965 2198 1042 2239 com·

403 2311 494 2352 mune
508 2291 680 2363 (emniumst,

243 2404 335 2484 Quod
344 2406 472 2466 nimium
483 2405 523 2466 ad
534 2426 595 2465 rem
603 2405 640 2468 ‚in
650 2408 771 2466 senecta
781 2405 890 2466 attenti
901 2405 1043 2466 siimue'?

402 2517 482 2579 hano
495 2516 648 2578 maculam
662 2520 716 2578 nes
730 2517 816 2578 decet

242 2631 409 2728 chigere:
424 2632 568 2692 dictumst
578 2635 649 2692 uere
664 2639 695 2692 et
708 2651 741 2692 re
755 2630 821 2710 ipsa
834 2629 904 2691 fieri
915 2640 1041 2711 oportet.

401 2742 456 2805 Ae,
470 2742 519 2804 Mi
532 2752 626 2822 pater.
1062 2744 1121 2806 955

162 2857 217 2918 Mi.
242 2855 328 2935 Quid
352 2855 441 2917 Istic?
469 2854 594 2916 dabitur
620 2853 865 2935 quandoquidem
891 2855 942 2916 hie
967 2856 1040 2918 uolt.

402 2969 456 3030 Ae.
472 2967 608 3030 Gaiideo.

161 3082 217 3144 De.
242 3082 334 3144 Nune
347 3081 425 3143 mihi
438 3080 609 3161 germanu’e
620 3081 735 3161 ptriter
748 3079 850 3143 animo
864 3089 894 3142 et
908 3082 1040 3162 verpere.

242 3197 304 3258 Sub
317 3197 375 3258 eibi
388 3197 491 3278 gladio
505 3196 588 3258 hunc
601 3194 716 3276 ifigulo.

294 3307 414 3360 9-Ter,
