2632 3772
166 233 210 298 90
515 249 553 297 1³.
577 249 770 295 renem
955 231 1125 318 [AetIII.

367 420 469 482 Gerr.
511 421 687 483 Sosrnnrn.
730 423 925 485 Onnrnnnn.

172 557 222 616 Ge.
245 553 337 616 Nune
352 553 431 614 illud
446 563 498 628 est,
513 574 614 634 quom,
629 555 654 614 si
669 556 772 616 emnia
786 577 888 616 omnes
909 558 964 616 sira
979 576 1046 616 eon-

405 665 474 726 silia
489 666 645 726 censerant

244 779 349 860 Atque
368 779 442 840 huie
464 779 545 840 malo
566 779 695 840 salntem
715 790 871 861 quaerant,
886 782 986 842 arixili
1000 782 1045 842 nil

405 893 553 966 edferant,
1067 897 1126 957 300

246 1009 337 1086 Quod
362 1009 498 1088 mihique
522 1029 649 1089 oraeque
674 1010 820 1090 filiaeque
843 1010 948 1072 erssist.
990 1031 1047 1071 uae

404 1119 513 1180 misere
528 1120 620 1180 mihi:

244 1237 303 1298 Tot
330 1239 376 1297 res
404 1245 526 1315 repente
555 1236 802 1310 circumuallant,
828 1236 908 1297 ende
933 1235 1045 1318 emergi

404 1350 464 1409 nen
486 1356 600 1426 potest:

244 1463 302 1526 Vis
316 1471 431 1542 egestas
444 1461 594 1522 iniustitia
611 1462 742 1523 solitudo
758 1463 892 1524 insemia.

245 1575 364 1636 Heoine
381 1573 532 1634 saeelum!
554 1573 707 1648 oseelera,
723 1595 866 1654 ogenera
887 1575 1041 1658 seerilego‚

404 1707 422 1748 o
436 1685 590 1746 hominem
605 1687 734 1765 inpium,

163 1801 209 1862 So.
244 1799 297 1861 Me
310 1801 461 1872 miseram,
476 1799 549 1878 quid
570 1809 671 1860 namst
692 1799 772 1880 qued
793 1801 836 1862 sie
858 1801 945 1863 uideo
965 1803 1044 1863 tnni-

405 1913 478 1974 dum
492 1921 523 1973 et
536 1918 747 1992 properantem
769 1913 903 1978 Getam?
1064 1920 1123 1982 305

169 2027 220 2089 Ge.
242 2048 331 2108 quem
352 2026 542 2106 nequefidee
562 2047 659 2106 neque
683 2028 728 2087 ies
751 2028 915 2091 iurandum
939 2035 1037 2113 neque

403 2140 492 2202 illum
506 2141 712 2202 misericerdia

244 2253 397 2334 Repressit
417 2273 514 2333 neque
534 2252 654 2314 reflexit
672 2275 769 2335 neque
783 2256 864 2336 quod
879 2261 983 2338 pertus
998 2259 1040 2320 in·

402 2365 503 2427 etabet
517 2386 621 2446 prope,
719 2437 722 2446 ,
970 2353 973 2358 ¹

243 2481 325 2561 Quoi
339 2481 466 2541 miserae
479 2479 603 2560 indigne
613 2483 668 2560 per
678 2483 742 2543 uim
753 2483 863 2545 uitium
878 2485 1039 2548 obtfileret

401 2595 448 2656 so.
463 2595 534 2655 Non
549 2595 692 2675 intellego

241 2708 320 2770 Satis
334 2711 410 2788 quae
425 2708 576 2787 loquatur.
623 2708 673 2770 Oa.
690 2709 818 2790 Prepius
829 2711 949 2773 obsecro
961 2715 1041 2796 ecee·

400 2819 517 2893 damno,
531 2818 676 2882 Sestrata.
724 2821 775 2883 Ge.
791 2822 843 2882 Ah

241 2932 293 2992 Me
307 2933 460 3005 miserum,
475 2932 529 2992 uix
544 2953 611 2992 sum
626 2935 747 3013 eempos
767 2935 870 3009 animi,
885 2937 929 2998 ita
948 2939 1039 3001 erdeo

400 3044 568 3106 iraenndia.

239 3151 293 3212 Nil
308 3154 352 3212 est
366 3153 446 3230 quod
462 3153 566 3212 malim
578 3175 670 3234 quam
682 3154 769 3215 illam
781 3164 876 3217 totam
887 3157 1035 3221 semiliam

398 3264 465 3323 dari
480 3265 521 3322 mi
536 3264 667 3339 ebuiam,
795 3257 797 3262 ’

239 3374 284 3434 Vt
298 3395 353 3452 ego
367 3375 444 3433 iram
459 3375 538 3435 hanc
552 3376 584 3435 in
598 3398 647 3438 eos
660 3381 799 3439 euomam
819 3401 947 3456 ornnem,
962 3385 1036 3446 dum

397 3486 556 3562 aegritudo
570 3487 645 3549 haee
658 3493 703 3550 eet
717 3511 828 3552 reeene.
