2632 3772
187 225 227 286 16
537 241 574 286 P.
598 242 791 286 ruuuurr
1013 225 1094 311 [Act
1117 227 1145 292 Ι.

183 397 225 458 Si.
267 395 364 457 Daue.
406 396 465 457 Du.
487 395 579 470 Hem,
595 398 667 476 quid
683 400 749 459 est?
789 399 831 459 Si.
854 399 923 460 Eho
938 399 1011 460 dum
1027 399 1066 460 ed

425 531 481 569 me.
523 507 582 570 Da.
606 510 690 587 Quid
711 510 761 571 hic
782 511 869 572 uolt?
891 513 951 586 ‚st
981 513 1066 590 Quid

424 625 490 684 ais?
531 621 590 684 Da.
613 624 685 701 Qua
699 626 736 685 de
751 627 805 686 re?
845 626 887 688 Si.
909 627 1032 706 Rogas?

263 735 367 797 Meum
379 739 506 816 gnetum
517 757 621 800 rumor
634 741 678 798 est
692 759 803 799 amare.
844 739 904 800 Da.
920 738 958 799 Id
972 741 1064 819 pepu-

423 849 470 910 lus
485 859 573 911 curat
586 850 709 936 scilicet.
1086 854 1144 914 185

181 961 223 1022 St.
264 961 385 1023 Hocine
399 962 464 1042 agis
478 983 518 1023 an
533 964 615 1024 non?
655 963 715 1025 Du.
730 942 880 1042 E'lgouero
895 964 980 1025 istuc.
1022 965 1063 1026 St.

422 1078 481 1140 Sed
495 1099 577 1140 nune
590 1099 627 1140 ea
640 1099 689 1139 me
702 1081 870 1158 exquirere,

262 1190 366 1270 Iniqui
387 1192 482 1271 petris
502 1200 563 1252 mt:
584 1193 655 1252 nem
672 1191 753 1270 quod
774 1191 903 1251 antehae
923 1191 1003 1265 fecit,
1017 1192 1062 1252 nil
1131 1203 1134 1208 '

294 1325 295 1330 ¹
422 1306 462 1366 ed
476 1325 525 1365 me
539 1305 655 1366 ettinet.

263 1417 347 1478 Dum
362 1421 481 1496 tempus
495 1418 534 1478 ad
549 1438 616 1478 eam
631 1421 693 1478 rem
709 1416 789 1492 tulit,
803 1417 862 1478 siui
876 1417 1012 1477 enimum
1029 1427 1063 1478 ut

422 1529 559 1608 expleret
572 1548 674 1589 suom:

261 1640 352 1702 Nunc
373 1641 424 1702 hic
445 1641 507 1702 dies
528 1640 621 1701 eliam
636 1642 733 1701 uitam
754 1641 862 1716 adfert,
878 1642 952 1702 elios
966 1662 1062 1702 mores

402 1755 562 1841 ‘pestulet

260 1868 381 1930 Dehinc
401 1869 521 1948 pestulo
542 1869 607 1929 siue
627 1873 783 1951 aequomst
797 1879 827 1932 te
840 1891 901 1944 oro,
916 1869 1013 1944 Deae,
1028 1879 1063 1932 ut

421 1983 525 2044 redeat
539 1983 600 2045 iam
614 1985 648 2043 in
661 1984 753 2044 uiam.
873 1985 875 1988 ’
1084 1985 1142 2046 190

180 2096 240 2158 Du.
262 2096 333 2157 Hoe
346 2097 422 2176 quid
435 2095 497 2156 sit?
537 2097 579 2158 ei.
595 2083 716 2171 Omnes,
732 2099 786 2177 qui
799 2106 913 2171 ament,
928 2098 1062 2177 grauiter

406 2207 477 2268 ‘sibi
491 2208 558 2269 deri
573 2211 699 2269 uxorem
713 2207 823 2270 ferunt

180 2322 239 2383 Da.
261 2321 311 2383 Ita
325 2322 419 2382 eiunt.
460 2321 502 2383 Si.
524 2319 602 2382 'llrm
617 2322 710 2402 siquis
725 2323 903 2402 magistrum
922 2323 1001 2403 cepit
1021 2323 1061 2384 ad

419 2454 486 2495 eum
501 2456 564 2496 rem
578 2433 751 2514 inprobum,

258 2546 364 2626 Ipsum
378 2546 514 2606 euimum
529 2555 686 2626 aegrotum
700 2546 740 2607 ad
754 2546 932 2608 deteriorem
942 2550 1060 2627 pertem

418 2659 597 2741 plerumque
611 2658 754 2740 edplieat.

81 2747 83 2751 V
179 2775 237 2834 Du.
259 2773 330 2833 Non
357 2773 458 2834 hercle
486 2773 637 2853 intellege.
679 2773 722 2835 St.
753 2773 846 2836 Non?
880 2775 958 2834 hem.
1000 2773 1059 2836 Du.

419 2885 506 2946 Non:
529 2884 633 2947 Deuos
646 2906 723 2959 eum,
738 2907 799 2946 non
813 2886 956 2966 Oedipus.

178 2997 219 3058 tt.
259 2996 378 3076 Nempe
391 3000 462 3076 ergo
477 3006 581 3077 aperte
595 3000 642 3059 uis
656 3018 734 3078 quae
749 3007 864 3059 restant
884 3002 932 3060 me
953 2999 1060 3078 loqui?

417 3105 477 3168 Da.
499 3107 578 3168 Saue
593 3106 723 3187 quidem.
1080 3107 1138 3170 195

177 3217 218 3280 St.
260 3215 293 3277 si
302 3219 425 3280 sensero
438 3219 528 3280 hodie
543 3221 706 3299 quicquam
720 3219 753 3279 in
767 3218 814 3280 his
829 3228 859 3280 te
873 3221 987 3300 nuptiis

258 3331 413 3393 Falleciee
428 3333 538 3407 ceneri,
554 3353 614 3413 quo
627 3333 703 3396 fient
716 3334 824 3408 minue,

258 3441 326 3503 Aut
339 3443 420 3504 uelle
434 3443 466 3504 in
481 3463 517 3505 ea
530 3465 564 3506 re
577 3445 703 3520 ostendi,
718 3466 809 3526 quem
824 3446 865 3508 eis
877 3447 1022 3508 cellidus:
