2632 3772
203 224 246 288 54
553 240 592 289 Ρ.
615 241 809 287 nnnnnm
996 223 1078 310 [Act
1093 221 1161 289 IV.

283 397 441 460 Auscfilts
488 397 540 462 Oh
555 397 674 460 Audiui
688 399 749 460 iam
764 400 874 460 omnin.
915 399 976 459 Do.
990 398 1083 460 Anne

441 510 516 572 haee
530 520 565 572 tu
579 511 701 572 omnis?

207 621 257 685 Oh.
283 622 410 698 Audiui,
434 623 569 703 inquam,
594 644 613 684 a
637 623 795 704 principio.
837 624 898 686 Do.
926 625 1082 698 Audistis,

442 735 585 796 obsecro?
605 735 675 796 hem
1103 738 1161 799 785

281 847 409 923 Scelere,
432 847 511 909 hono
532 848 594 908 iam
615 856 734 928 oportet
757 849 791 908 in
816 850 985 910 cruciatum
1009 848 1081 908 hine

441 961 549 1042 obripi.

280 1073 344 1138 Hie
357 1083 401 1136 est
414 1074 485 1136 ssle:
506 1095 568 1136 non
582 1083 612 1136 te
626 1074 731 1137 eredas
745 1075 867 1137 Dauom
882 1076 994 1137 hidere.

199 1187 259 1267 My.
280 1186 333 1249 Me
348 1189 506 1248 miseram:
527 1186 572 1247 nil
587 1187 638 1268 pol
654 1187 723 1248 folsi
737 1187 812 1261 dixi,
827 1191 871 1248 mi
884 1189 986 1250 senex.

205 1300 255 1363 Oh.
280 1301 364 1362 Noui
377 1304 497 1362 omnem
510 1321 582 1362 rem.
624 1311 669 1362 est
688 1301 771 1362 Simo
792 1303 896 1363 intus?
935 1302 996 1364 Da.
1014 1303 1079 1364 Est

438 1414 499 1495 My.
513 1415 563 1475 Ne
577 1435 625 1476 me
640 1415 759 1496 fittigas

279 1528 417 1591 Seeleste.
460 1530 485 1590 si
499 1530 552 1611 pol
566 1529 710 1610 Glycerio
725 1551 785 1592 non
800 1532 903 1593 omnia
916 1531 991 1593 haee
1012 1578 1020 1594 .
1042 1577 1049 1593 .
1100 1532 1160 1594 790

198 1642 259 1704 Do.
281 1643 350 1704 Eho
372 1643 484 1724 inepto,
498 1644 594 1704 neseis
614 1643 688 1723 quid
709 1644 748 1704 sit
768 1645 891 1704 aetum?
932 1644 992 1724 My.
1015 1644 1080 1722 Qui

438 1757 555 1819 seiam?

158 1950 160 1954 Ι
198 1870 258 1930 Do.
280 1870 343 1932 Hie
356 1873 440 1932 socer
453 1878 505 1932 est.
548 1872 609 1932 alio
622 1873 710 1951 poeto
725 1871 808 1934 haud
822 1881 943 1952 poterat
958 1873 1036 1947 fieri,

278 1985 324 2046 Vt
347 1987 437 2046 sciret
460 1985 535 2046 haee
560 2005 637 2065 quae
662 1984 821 2046 uoluimus.
863 1986 923 2065 My.
953 1987 1077 2047 Priedi-

439 2117 527 2159 ceres.

197 2210 257 2273 Do.
279 2212 412 2275 Paulum
426 2215 507 2276 inter
520 2235 581 2276 esse
595 2218 704 2289 censes,
718 2236 757 2276 ex
770 2215 872 2276 animo
885 2216 995 2289 omnia,

277 2325 323 2388 Vt
337 2325 395 2386 fert
409 2336 528 2401 natura,
544 2327 636 2388 socias
651 2349 690 2388 an
706 2327 744 2388 de
758 2328 929 2388 indistria?
1027 2379 1034 2400 ,
1098 2328 1157 2390 795

461 2558 572 2620 (inno.
615 2558 727 2621 Mssn.
770 2560 893 2622 Dnvos

202 2683 249 2746 Or.
277 2683 316 2745 In
330 2684 387 2746 hoe
400 2684 552 2746 habitasse
566 2685 668 2765 pittea
682 2686 826 2747 dictumst
841 2685 1029 2767 Chrysidem,

276 2795 365 2873 Quae
378 2799 440 2857 sese
454 2795 609 2857 inhoneste
623 2797 742 2876 optouit
756 2816 862 2876 parere
876 2798 925 2857 hie
939 2798 1030 2858 ditias

276 2912 381 2973 Potios
395 2932 487 2992 quam
501 2911 533 2971 in
547 2911 647 2991 patria
662 2911 785 2974 honeste
799 2932 915 2992 pauper
929 2914 1063 2973 uiueret:

275 3026 351 3087 Eius
365 3029 461 3087 morte
475 3047 510 3086 es
524 3025 563 3085 ad
578 3045 626 3084 me
640 3025 706 3105 lege
720 3026 874 3086 redieriint
889 3025 976 3086 bons

274 3137 333 3198 sed
370 3139 443 3218 quos
478 3145 635 3215 perconter
672 3138 772 3199 uideo.
827 3136 949 3199 saluete.
1012 3137 1072 3218 My.

434 3227 575 3322 obstem,
1094 3252 1155 3311 soo

274 3362 373 3440 Quem
397 3363 508 3424 uideo?
527 3372 609 3425 estne
632 3365 684 3426 hie
708 3364 793 3428 C1it6
814 3365 953 3429 sobrinus
978 3365 1072 3446 Chry·

433 3473 526 3536 sidia?
