2632 3772
102 170 111 178 ¹
133 301 136 305 Ι
177 208 473 294 Samo-naa]
497 227 754 276 ADELPHOE.
1103 213 1144 277 75

169 443 170 446 ,
260 382 374 444 Tenere
387 404 418 444 se
433 383 539 444 ullam.
581 405 652 443 nam
667 383 725 444 ssla
739 404 817 464 quae
838 384 969 446 antehae
983 385 1064 446 facta

421 505 492 556 sunt

260 609 394 672 Omitto:
410 611 499 670 modo
510 610 583 690 quid
595 610 789 690 designauit?
823 611 879 671 Mi.
895 611 1064 688 Quidnam

421 721 453 781 id
468 723 533 783 est?

180 834 236 896 De.
262 833 350 895 Foris
365 835 490 915 ecfregit
504 838 597 915 atque
611 837 642 895 in
658 835 741 896 aedis
754 837 851 897 inruit

262 947 407 1009 Alienae:
442 949 542 1028 ipsum
572 949 731 1009 deminum
760 957 851 1028 atque
879 971 999 1012 omnem
1023 952 1064 1012 fa-

423 1062 541 1122 miliam

261 1174 413 1236 Muleauit
427 1195 521 1254 usque
535 1174 575 1235 ad
590 1177 735 1235 mertem:
758 1175 871 1254 eripuit
886 1174 1043 1236 mfilierem
1105 1175 1145 1236 90

261 1288 366 1365 Quam
381 1287 511 1348 amabat.
554 1286 690 1347 clamant
704 1290 806 1348 Omnes
822 1287 1041 1366 indignissume

262 1399 393 1461 Factum
408 1402 487 1460 esse:
509 1400 566 1491 hoe
581 1400 755 1460 aduenienti
771 1409 844 1480 quot
859 1399 945 1474 mihi,
961 1400 1064 1474 Micio,

262 1514 395 1576 Dixere!
417 1518 449 1574 in
463 1525 542 1576 orest
556 1516 638 1576 6mni
653 1515 774 1595 populo.
817 1516 955 1596 denique,

261 1623 294 1686 si
306 1624 523 1686 a6nferendum
539 1624 750 1704 exemplum,
765 1645 826 1685 non
840 1625 965 1686 fratrem
980 1626 1064 1687 uidet

262 1738 324 1800 Rei
335 1739 409 1800 dare
423 1759 546 1819 operam
560 1739 623 1798 miri
638 1757 763 1816 parcum
779 1757 814 1797 ac
828 1737 984 1799 sibrium?
1105 1739 1144 1800 95

262 1850 394 1911 Nullum
416 1851 506 1912 hiiius
527 1849 625 1910 simile
646 1848 768 1908 factum.
812 1847 885 1908 haee
900 1869 991 1927 quom
1006 1848 1063 1924 illi,

424 1964 529 2038 Micio,

262 2081 349 2154 Dice,
360 2079 417 2142 tibi
430 2078 514 2140 dieo:
536 2079 570 2138 ai
585 2077 674 2137 illum
689 2077 846 2157 corrumpi
861 2076 941 2138 sinis.

181 2196 237 2258 Mi.
261 2197 396 2259 Homine
405 2193 537 2274 inperito
546 2194 712 2272 nimquam
724 2193 887 2272 quiequam
898 2192 1062 2266 iniistiust,

262 2311 325 2388 Qui
339 2309 398 2370 nisi
413 2308 494 2390 qued
508 2307 571 2387 ipse
585 2306 657 2367 feeit
671 2305 715 2366 nil
731 2309 845 2366 tectim
860 2314 958 2385 putat.

181 2424 237 2486 De.
262 2425 416 2502 Quorsum
440 2422 542 2483 istae?
577 2421 632 2481 Mi.
659 2420 742 2497 Quia
767 2429 811 2491 tu,
836 2419 962 2493 Demea,
988 2419 1063 2480 haee

424 2536 505 2597 male
518 2535 641 2596 iiidicaa
1085 2533 1142 2593 100

261 2652 333 2715 Non
346 2655 391 2712 est
404 2649 565 2729 flagitium,
580 2647 657 2708 mihi
672 2646 768 2720 erede,
784 2644 1049 2706 adulescentulum

261 2765 402 2839 Scortari,
417 2783 515 2844 neque
528 2763 652 2842 potare:
673 2781 736 2822 non
749 2768 810 2822 est:
831 2762 928 2840 neque
942 2758 1014 2820 foris

262 2878 450 2959 Eefringere.
491 2876 567 2937 haee
587 2874 613 2936 ei
633 2877 732 2955 neque
752 2893 807 2953 ego
829 2891 926 2951 neque
943 2879 977 2932 tu
994 2871 1063 2932 feei·

421 3011 498 3063 mus,

261 3105 333 3167 Non
347 3105 399 3165 siit
412 3112 527 3184 egestas
541 3101 639 3162 faeere
653 3121 715 3160 noa
757 3108 791 3160 tu
806 3101 887 3160 nime
902 3099 958 3160 tibi

261 3218 300 3280 Id
315 3217 400 3278 laedi
415 3215 509 3288 ducis,
525 3212 606 3294 qued
620 3221 687 3272 tum
701 3210 798 3272 fecisti
812 3210 937 3288 inopia?
1086 3206 1144 3266 105

262 3329 460 3392 Inifiriumst:
481 3347 554 3388 nam
567 3325 592 3386 si
606 3327 682 3385 esset
697 3322 778 3383 unde
792 3322 823 3382 id
838 3321 936 3391 fieret,

262 3444 453 3507 Faceremus.
495 3449 525 3502 et
539 3439 628 3500 illum
642 3440 677 3499 ta
692 3445 788 3509 tuom,
802 3435 827 3494 si
841 3436 917 3493 esses
931 3431 1031 3500 homo,
