2632 3772
483 368 887 461 PROLOGVS.

203 552 299 616 Poeta
313 573 404 634 quom
419 553 552 633 primum
566 553 702 614 enimam
717 554 756 614 ad
770 553 961 616 scribendum
976 554 1105 635 edpulit

203 666 242 728 Id
256 666 314 728 sibi
329 667 431 747 negoti
446 667 576 729 credidit
589 666 687 727 schim
702 666 779 741 dari,

203 780 322 861 Populo
336 782 371 841 nt
384 780 540 860 placerent
555 783 629 860 ques
644 781 761 843 fecisset
775 771 903 844 sellulas.

203 895 321 958 Verum
335 895 424 957 eliter
438 898 560 958 euenire
575 895 672 956 multo
688 896 854 978 intellegit:

203 1010 284 1071 Nam
299 1010 332 1070 in
346 1009 478 1090 prelogis
493 1009 662 1070 scribendis
677 1029 799 1089 operam
815 1010 960 1084 abititur‚
1144 1014 1163 1072 ὅ

203 1123 274 1185 Non
288 1124 341 1204 qui
355 1126 568 1204 ergumentum
583 1126 695 1197 nerret,
710 1124 761 1184 sed
777 1125 830 1204 qui
844 1123 981 1185 meliuoli

203 1234 324 1296 Veteris
338 1240 445 1314 poetae
460 1234 627 1296 meledictis
642 1236 828 1314 respendeat.

203 1347 303 1423 Nunc,
314 1350 405 1428 quem
417 1368 478 1408 rem
491 1348 566 1408 uitio
577 1348 658 1422 dent,
670 1369 780 1428 quaeso
795 1348 931 1409 animum
946 1347 1101 1410 attendite.

202 1461 371 1523 Menander
385 1461 456 1522 fecit
469 1439 621 1522 lindriam
637 1471 668 1522 et
681 1462 879 1524 Perinthiam.

203 1575 266 1652 Qui
280 1574 428 1635 utremuis
443 1582 522 1635 recte
537 1574 626 1648 nerit,
642 1574 747 1635 ambas
762 1575 899 1636 uenerit:
1124 1577 1162 1638 10

202 1687 273 1748 Non
287 1689 332 1747 ita
346 1695 417 1746 sunt
432 1685 570 1746 dissimili
585 1687 772 1765 ergumento,
787 1686 839 1747 sed
855 1696 957 1748 tamen

202 1798 352 1859 Dissimili
366 1797 502 1858 oratiene
515 1804 586 1857 sunt
600 1795 699 1856 factae
712 1798 747 1856 ec
761 1796 839 1856 stilo.

202 1910 291 1987 Quae
305 1911 471 1970 cennenere
485 1909 517 1968 in
532 1885 683 1969 dndriam
699 1929 738 1969 ex
752 1908 912 1970 Perinthia

201 2024 330 2086 Fatetur
344 2023 533 2084 transtulisse
547 2031 638 2103 atque
652 2043 740 2084 usum
755 2026 811 2104 pre
824 2024 893 2085 suis.

202 2136 239 2198 Id
253 2137 305 2198 isti
318 2135 496 2215 uituperant
510 2135 624 2196 sectum
638 2143 731 2215 atquc
745 2136 776 2196 in
791 2157 826 2198 eo
840 2137 999 2218 disputant
1121 2141 1159 2200 15

201 2249 410 2312 Contaminari
423 2252 483 2310 nen
497 2249 603 2310 decere
617 2247 744 2310 fibulas.

200 2362 371 2424 Faciuntne
384 2359 596 2440 intellegendo,
611 2369 646 2421 ut
660 2361 704 2420 nil
719 2362 920 2443 intellegant?

201 2477 264 2554 Qui
278 2496 368 2557 quom
383 2476 464 2536 hiinc
477 2482 629 2548 accusant,
642 2475 794 2536 Naeuium
806 2475 952 2537 Plautum
964 2455 1098 2536 Ennium

199 2589 363 2662 Accesant,
378 2610 451 2670 quos
464 2589 515 2650 hic
529 2590 629 2649 nester
644 2593 780 2650 auctores
794 2590 895 2664 habet,

200 2705 339 2782 Quorum
354 2703 502 2765 aemulari
517 2705 643 2783 exeptat
657 2703 880 2785 neglegentiam
1120 2706 1159 2767 20

198 2818 304 2880 Potiirs
317 2839 409 2898 quam
423 2817 549 2878 istorum
565 2816 723 2880 obscenam
738 2818 936 2898 diligentiam.

199 2931 319 2992 Dehinc
332 2934 367 2993 ct
380 2932 537 3012 quiescant
550 2934 640 3014 perro
654 2953 761 2994 moneo
775 2940 806 2993 et
819 2931 958 2993 desinant

198 3044 283 3107 Male
296 3045 405 3120 dicere,
419 3045 581 3108 malefecta
595 3067 633 3108 ne
647 3047 773 3108 noscent
786 3066 849 3106 sua.

198 3157 322 3232 Fauete‚
336 3159 438 3222 adeste
451 3181 547 3241 aequo
561 3160 662 3222 enimc
677 3169 707 3222 et
721 3181 785 3221 rem
799 3158 976 3239 cognescita

198 3273 243 3336 Vt
256 3276 449 3352 pernoscatis,
464 3275 572 3355 ecquid
585 3274 650 3355 spei
663 3275 703 3337 sit
718 3274 882 3334 relicuom:
1119 3270 1158 3328 25

198 3386 327 3449 Posthec
342 3409 416 3469 quas
430 3389 521 3450 faciet
534 3389 572 3450 de
585 3391 702 3468 integro
717 3387 894 3457 comoedias,

197 3499 385 3580 Spectendac
398 3522 438 3562 an
453 3502 619 3581 exigendae
632 3502 693 3561 sint
706 3499 793 3560 uobis
808 3496 900 3574 prius.

1034 3599 1049 3649 7
