2632 3772
203 212 414 307 Se.1.1741.]
587 161 778 280 suumn.
1142 216 1162 278 9

282 387 380 465 Quasi
394 387 616 468 exprobratiest
629 388 788 450 immemori
802 387 936 450 benefici.

282 503 368 581 Quin
381 513 414 565 tu
429 505 489 566 eno
504 504 597 566 uerbo
611 505 670 578 dle,
685 505 760 584 quid
774 513 818 564 est
832 503 913 584 quod
927 506 976 564 me
989 503 1074 564 uelis.
1123 503 1162 564 45

201 617 242 679 Si.
282 616 333 678 Ita
342 617 461 680 fecium.
496 618 566 679 Hoc
577 618 710 697 primum
721 619 754 678 in
764 618 821 678 hec
831 637 864 677 re
874 617 1016 697 praedice
1027 616 1083 677 tibi
1094 638 1101 676 :

282 727 367 804 Quas
381 726 478 787 credie
492 747 554 787 esse
567 727 631 799 has,
645 729 706 787 nen
720 734 791 786 sunt
805 746 896 786 uerae
908 726 1041 806 nuptiae.

201 839 247 901 So.
282 839 369 916 Quor
382 839 508 900 simulas
522 839 639 919 igitur?
678 839 720 900 a:
743 839 821 900 Rem
843 842 962 900 emnem
983 861 1002 900 a
1021 839 1103 919 prin-

441 950 520 1030 cipio
533 950 653 1011 aedies:

281 1061 328 1124 Ec
342 1065 430 1142 pecto
445 1072 475 1125 ct
490 1064 576 1143 gnati
590 1065 688 1124 uitam
702 1072 733 1125 et
747 1064 905 1126 consilium
919 1086 1020 1127 meum

280 1173 455 1254 Cognesces,
470 1182 500 1236 et
514 1174 588 1256 quid
602 1176 700 1236 fecere
714 1176 745 1236 in
761 1176 819 1238 hac
833 1197 866 1238 re
879 1180 910 1238 te
923 1177 1025 1238 uelim.
1123 1178 1162 1238 50

280 1285 362 1348 Nam
376 1287 402 1348 is
415 1289 576 1368 pestquam
592 1289 719 1350 excessit
733 1292 772 1350 ex
786 1290 918 1369 ephebis,
932 1289 1025 1364 Sosia,

280 1398 420 1460 Liberius
434 1399 560 1460 uiuendi
574 1400 634 1462 fuit
647 1409 778 1481 potestas
788 1435 828 1443 —
836 1422 908 1462 nam
923 1404 1011 1463 eutea

280 1511 344 1588 Qui
357 1512 434 1572 scire
448 1531 547 1591 posses
560 1514 614 1574 adt
627 1513 782 1593 ingenium
798 1516 926 1588 neseerc‚

280 1622 364 1684 Dum
391 1624 474 1684 actes
502 1630 599 1686 metus
624 1627 768 1705 magister
791 1625 1014 1705 prohibebeut?
1054 1627 1100 1688 Sc.

440 1737 526 1800 Itast.

200 1852 241 1914 Si.
281 1853 373 1930 Quod
389 1853 527 1935 plerique
541 1874 644 1914 omnes
658 1852 774 1914 feciuut
788 1852 1017 1927 adulescentuli,
1123 1855 1161 1915 55

280 1965 325 2030 Vt
345 1967 482 2028 euimum
502 1968 541 2028 ad
563 1967 687 2049 aliquod
707 1966 842 2029 studium
856 1967 1033 2047 adiungunt,
1048 1968 1102 2028 aut

440 2101 532 2161 equos

265 2197 374 2288 'Alere
393 2199 448 2258 aut
469 2217 557 2258 canes
580 2196 621 2258 ad
643 2195 827 2272 uenandum,
842 2206 896 2258 aut
914 2198 953 2258 ad
972 2196 1102 2276 philoso-

440 2313 532 2393 phos:

280 2425 401 2487 Horum
417 2426 471 2487 ssle
485 2425 530 2486 nil
545 2424 663 2506 egregie
677 2433 797 2506 praeter
810 2429 909 2486 cetera

280 2540 436 2614 Studebat,
451 2549 481 2603 et
495 2549 598 2602 tamen
612 2541 715 2601 emnia
728 2540 803 2602 haec
819 2540 1016 2602 mediocriter.

280 2653 469 2716 Gaudebam.
512 2653 558 2715 So.
580 2651 612 2713 N
613 2675 653 2715 011
667 2653 796 2713 initiria:
817 2673 889 2714 nam
903 2653 935 2713 id
950 2653 1080 2714 erbitror
1122 2653 1162 2718 60

280 2767 431 2847 Adprime
443 2767 476 2827 in
490 2766 556 2828 uita
570 2787 631 2828 esse
645 2766 729 2840 utile,
744 2774 830 2827 utne
844 2766 919 2846 quid
932 2766 1030 2826 nimis.

200 2879 241 2942 Si.
280 2880 330 2943 sic
345 2883 411 2942 uita
425 2889 506 2942 erat:
529 2880 618 2942 facile
633 2883 735 2942 emnes
748 2880 881 2961 perferre
892 2882 927 2941 ec
940 2881 1021 2960 pati:

279 2993 357 3056 Cum
371 2994 482 3075 qulbus
497 3002 562 3055 erat
575 3012 726 3074 quomque
740 2995 810 3067 una,
825 2994 867 3054 eis
881 3013 942 3053 sese
956 2992 1080 3053 dedere:

280 3106 395 3168 Eerum
410 3105 534 3187 ebsequi
548 3105 664 3180 studiis,
679 3105 823 3166 aduersus
838 3105 961 3178 nemini,

279 3221 455 3300 Numquam
470 3239 658 3301 praeponens
671 3240 702 3280 se
717 3219 794 3278 illis:
816 3219 860 3278 ita
874 3217 1030 3279 facillume
1122 3215 1160 3274 65

279 3334 350 3396 Siue
364 3334 482 3394 inuidia
496 3333 618 3393 laudem
633 3331 770 3392 inuenies
785 3340 815 3391 et
829 3329 940 3390 amices
954 3349 1048 3407 pares.

200 3447 246 3508 So.
280 3447 439 3527 Sapienter
452 3448 550 3508 uitam
565 3444 715 3505 instituit:
737 3462 868 3521 namque
881 3440 938 3500 hcc
953 3443 1086 3516 tempore

279 3561 465 3643 Obsequium
481 3562 601 3632 amicos,
616 3557 728 3618 ueritas
742 3556 844 3616 odiem
860 3551 949 3630 parit.
