2628 3758
175 186 502 274 Se.IV.18-V.2l.]
531 207 786 257 auuurnorr.
1075 198 1136 260 111

256 360 356 423 Taoet.
398 365 474 442 quor
486 383 547 423 non
561 362 634 424 ludo
645 363 727 425 huno
742 364 981 445 aliquantisper?
1027 369 1055 428 e-

416 476 476 537 lius
490 486 543 550 est,

257 588 512 670 Quandoquidem
537 590 594 651 hoe
617 610 783 670 numquam
806 592 848 651 mi
868 593 933 672 lpse
957 594 1056 655 uoluit

417 702 525 764 dicere.
1077 707 1136 768 640

256 816 311 878 Nil
329 817 406 878 mihi
425 819 607 897 respondes?
648 818 701 879 Ae.
723 817 793 879 Non
815 820 954 898 equidem
975 821 1056 895 istas,

417 931 498 1010 quod
512 931 615 992 sciam.

174 1043 230 1104 Mi.
255 1042 322 1104 Ita:
344 1044 415 1104 nam
431 1042 573 1117 mirabar,
588 1045 662 1123 quid
678 1044 728 1106 hio
743 1045 845 1124 negoti
859 1049 935 1107 esset
949 1046 1015 1108 tibi.

256 1155 405 1216 Erubuit:
427 1156 515 1217 salua
529 1160 575 1217 res
590 1166 642 1218 est.
684 1157 738 1218 Ae.
754 1157 813 1220 Die
827 1159 922 1233 sodes,
936 1170 1031 1240 pater,

256 1267 325 1328 Tibi
340 1260 412 1328 uero
427 1268 501 1348 quid
520 1268 587 1330 istie
601 1273 646 1330 691
661 1270 724 1330 rei?
764 1269 819 1330 Mi.
841 1269 896 1330 Nil
918 1280 957 1332 eat
979 1263 1055 1332 mihi

417 1378 548 1459 quidem.

256 1493 383 1555 Amicus
397 1493 521 1572 quidam
537 1515 584 1554 me
599 1495 696 1556 dioro
710 1494 842 1556 abduxit
856 1496 945 1557 modo
1077 1499 1135 1558 645

256 1605 329 1666 Huc
356 1604 539 1678 aduocatum
568 1606 634 1666 sibi.
678 1606 729 1666 Ae.
759 1607 865 1683 Quid?
905 1608 960 1668 Mi.
988 1609 1055 1688 Ego

414 1715 513 1776 dicam
528 1715 602 1776 tibi:

256 1830 410 1892 Habitant
423 1829 473 1890 hie
487 1830 637 1910 quaedam
654 1831 794 1892 mulieres
809 1833 1028 1913 pauperculae:

255 1942 300 2004 Vt
314 1944 423 2022 opinor
436 1941 491 2002 has
505 1962 565 2002 non
581 1945 666 2003 nosse
680 1951 719 2016 19,
733 1950 764 2003 91
778 1945 860 2004 certo
874 1944 952 2014 seio:

255 2056 362 2138 Neque
372 2059 452 2117 enim
467 2056 520 2116 diu
534 2056 595 2118 huc
610 2057 855 2138 commigrarunt.
898 2056 951 2119 Ae.
967 2058 1052 2135 Quid

414 2177 479 2229 tum
495 2170 620 2249 postea?

172 2287 228 2348 Mi.
252 2285 351 2364 Virgo
368 2287 413 2344 est
430 2304 499 2344 oum
518 2295 623 2344 matre.
666 2283 720 2345 Ae.
742 2283 846 2365 Perge.
888 2285 943 2346 Mi.
965 2284 1053 2346 Haec

414 2398 500 2477 uirgo
514 2397 615 2458 orboat
629 2407 733 2477 patre:
1073 2401 1132 2461 650

252 2513 316 2574 Hio
329 2515 413 2572 meus
427 2509 542 2570 amicus
556 2509 604 2568 ssli
617 2518 754 2589 generosi
767 2512 952 2607 proxumus:

252 2624 337 2686 Huic
364 2623 443 2702 leges
471 2629 584 2701 cogunt
611 2620 724 2681 nubere
751 2621 838 2682 hano.
882 2621 935 2682 Ae.
960 2620 1051 2684 Perii.

413 2735 468 2796 Mi.
484 2733 569 2811 Quid
584 2735 649 2794 est?

171 2851 224 2913 Ae.
252 2849 326 2911 Nil:
358 2853 455 2910 recte:
490 2867 589 2927 perge.
632 2846 687 2906 Mi.
716 2845 748 2907 Is
776 2847 861 2908 uenit
888 2856 923 2908 ut
950 2868 1051 2908 secum

412 2962 551 3045 duehat:ยน

251 3075 333 3136 Nam
357 3073 475 3135 habitat
500 3072 608 3133 Mileti.
650 3072 704 3133 Ae.
730 3071 821 3144 Hem,
842 3073 993 3151 uirginem
1019 3082 1052 3133 ut

411 3208 512 3248 secum
528 3187 659 3248 euehat?

170 3299 226 3361 Mi.
251 3299 301 3360 sic
315 3303 367 3361 est.
410 3299 462 3360 Ae.
476 3298 620 3359 Miletum
631 3319 726 3379 usque
736 3299 881 3360 obsecro?
921 3297 977 3357 Mi.
992 3294 1050 3356 Ita

411 3411 466 3473 Ae.
481 3410 595 3471 Animo
609 3410 724 3471 molest.
1072 3405 1130 3464 655
