2628 3758
154 173 241 251 '132
383 203 421 250 Ρ.
444 201 638 250 rnnnnm
666 201 923 249 nnnnrflon.
999 183 1161 271 [AetV..

255 339 303 423 Vt
321 358 355 421 id
373 359 570 434 ostenderem,
586 359 666 440 quod
688 367 718 422 te
737 359 788 420 isti
810 358 930 420 fteilem
951 367 982 422 et
1002 359 1056 422 fes·

416 471 513 534 tiudm
527 480 647 552 putant,

254 567 296 645 Id
309 603 371 645 non
385 583 451 644 fieri
465 603 504 644 ex
519 587 593 644 nera
606 584 673 644 uita
686 587 784 664 neque
804 584 879 645 adeo
900 603 940 646 ex
960 604 1056 666 nequo

416 701 447 759 et
460 697 548 771 bono,

254 803 315 872 de
342 827 382 869 ex
410 807 597 868 adsentando
626 807 813 887 indulgendo
838 814 869 870 et
890 805 1056 888 ldrgiendO,

416 921 520 983 Micio·

253 1032 346 1096 Ndno
359 1033 436 1096 adeo
449 1033 475 1094 si
489 1033 528 1095 ob
543 1037 607 1095 edm
619 1054 683 1095 rem
694 1033 862 1095 nobismet
872 1033 937 1095 uite
947 1033 1056 1110 inuisa,

415 1147 576 1222 Aeschine,
590 1156 643 1222 est,

254 1264 340 1344 Quin
359 1284 421 1325 non
442 1263 523 1324 iuste
542 1261 655 1323 inidsta
675 1281 798 1341 prorsus
816 1259 919 1321 dmnin
932 1259 1055 1322 omnino

414 1376 568 1456 dbsequor,
1075 1375 1136 1438 990

254 1490 351 1552 Missa
364 1490 460 1551 facio:
481 1488 643 1562 eoftndite,
657 1488 757 1562 emite,
768 1487 858 1549 fdcite
872 1487 954 1568 quod
967 1485 1054 1549 uobr'e

415 1601 508 1663 lubet.

253 1717 314 1780 sed
326 1717 353 1779 ei
366 1717 399 1778 id
413 1715 503 1778 uoltis
518 1716 627 1796 pdtins,
642 1735 787 1795 quaeum
800 1718 925 1795 prepter
938 1714 1054 1776 adules-

415 1829 545 1891 centiam
849 1845 851 1853 ’

253 1941 359 2003 Minus
373 1939 491 2013 uidetis,
506 1940 602 2019 mdgis
622 1938 747 2019 inpense
761 1938 880 2020 eripitis,
894 1939 1052 2001 consulitis

413 2074 532 2134 perum,

251 2166 341 2228 Haec
353 2165 533 2247 reprendere
546 2168 577 2228 tt
591 2166 741 2246 corrigere
754 2174 786 2228 et
798 2165 1003 2229 dbseeundnre
1016 2168 1051 2228 in

412 2277 496 2340 loeo:

252 2375 334 2453 Eone
346 2411 404 2465 me,
419 2388 473 2470 qui
486 2389 518 2450 id
532 2389 642 2451 fficiam
657 2388 751 2450 uobis.
792 2387 847 2451 Ae.
862 2388 941 2464 Tibi,
954 2397 1050 2471 pater,

412 2503 618 2584 permittimus
1072 2504 1131 2566 995

251 2617 326 2679 Plde
338 2615 396 2677 seis
409 2615 483 2696 quid
494 2615 574 2677 facto
585 2619 659 2696 epus
669 2623 722 2678 est
761 2615 815 2678 sed
825 2615 863 2678 de
872 2616 1050 2698 frttre'quid

411 2726 484 2788 fiet?
525 2727 581 2789 De.
595 2727 668 2789 Sino

250 2841 393 2903 theat:
408 2840 441 2900 in
455 2840 531 2901 istnc
540 2841 637 2900 finem
648 2839 749 2900 faciet.
793 2839 849 2901 Mi.
863 2822 948 2901 dstuc
961 2847 1048 2902 reete.

410 2951 554 3014 CANTOR.
569 2951 719 3013 Platdite.
